3725 5750
596 840 660 912 100
865 825 1303 902 OBSERVATIONES

593 1035 792 1134 promiffionis
812 1033 869 1100 srnt
889 1036 1031 1120 capacia,
1058 1041 1251 1121 temporibus
1270 1040 1351 1106 fiunt
1370 1059 1436 1108 non
1455 1055 1550 1108 recta.

591 1224 692 1310 Quare
711 1215 874 1300 pumina,
894 1235 975 1298 quae
984 1216 1042 1297 iis,
1055 1217 1170 1299 quibus
1182 1236 1247 1282 non
1257 1217 1328 1286 sunt
1348 1222 1456 1302 utilia,
1477 1241 1560 1305 pro-

587 1396 702 1466 miseris
709 1397 727 1478 ‚‘
742 1339 961 1480 saepenumero
972 1415 1037 1462 non
1048 1395 1118 1463 sunt
1137 1388 1299 1482 servanda',
1321 1415 1359 1466 ut
1378 1400 1557 1483 exemplis,

585 1575 728 1644 efrbula
747 1575 869 1660 petitis,
891 1573 1023 1642 ostendit
1048 1596 1203 1646 crunno
1229 1579 1267 1644 dc
1294 1577 1380 1664 Offic.
1413 1579 1454 1646 L.
1482 1577 1553 1644 III.

582 1755 621 1824 C.
643 1769 697 1844 25.
738 1758 844 1840 Atque
865 1776 903 1824 ex
922 1757 982 1822 hac
1006 1756 1124 1822 ratione
1154 1777 1358 1832 nerones,
1375 1759 1462 1824 nullo
1489 1778 1552 1841 pa-

584 1949 640 2006 ctu
659 1935 753 2006 fidem
772 1935 1010 2006 filiolaeservure
1029 1935 1195 2019 debuerat,
1216 1935 1446 2012 incautusenim
1466 1956 1551 2024 pro-

582 2115 715 2184 miserat.
762 2115 835 2184 th.
866 2134 1032 2182 nnrrn.
1067 2116 1105 2182 C.
1135 2136 1187 2201 14.
1214 2134 1264 2187 vs.
1290 2117 1325 2186 6,
1349 2115 1393 2199 sq.
1441 2117 1546 2182 Nulla

578 2293 693 2360 utintas
719 2293 753 2358 in
779 2293 880 2375 illam,
908 2295 959 2362 cui
977 2295 1112 2379 jurarat,
1139 2315 1177 2360 ex
1197 2294 1322 2378 implete
1342 2293 1545 2377 promisfione

576 2470 784 2553 redundabat,
805 2471 908 2556 generi
928 2487 1028 2538 autern
1049 2471 1184 2536 humano
1211 2473 1359 2538 damnum
1384 2465 1544 2558 infligebai

575 2663 652 2734 tur,
675 2651 891 2737 jusjurandum
918 2672 992 2737 ergo
1011 2652 1118 2735 potius
1137 2671 1200 2716 non
1221 2650 1424 2732 servandum,
1446 2670 1541 2734 quan

570 2846 634 2899 tarn
655 2845 785 2897 taetrum
806 2828 926 2899 facinus
948 2829 1167 2899 admittendum
1188 2828 1261 2897 fuit.
1303 2831 1340 2897 In
1359 2828 1457 2897 fimile
1482 2827 1542 2895 fere

569 3010 657 3077 causa
676 3010 785 3091 Eques
805 3008 929 3091 quidam
957 3008 1069 3075 Gallus
1095 3008 1177 3081 forte
1196 3008 1354 3076 Herodem
1381 3009 1419 3074 ud
1440 3007 1542 3073 imitt-

570 3192 687 3259 tionem
706 3187 863 3269 truxiffet‚
889 3186 945 3253 nist
972 3203 1146 3271 temporum
1167 3191 1321 3270 rationes,
1349 3188 1537 3269 quominus

570 3369 604 3436 id
625 3369 730 3451 fieret,
758 3368 948 3435 obstitissent.
992 3367 1065 3434 th.
1092 3386 1253 3434 urrunnu
1280 3365 1363 3450 Just.
1393 3366 1480 3433 Gall.
1500 3362 1547 3429 Y.·

569 3549 599 3621 I.
611 3564 651 3637 p.
671 3560 744 3635 251.
767 3544 853 3615 conf.
882 3564 1046 3615 snvnnu
1072 3545 1191 3615 Lenrer
1212 3546 1271 3632 fier
1295 3544 1474 3635 L’Egypte
1499 3542 1533 3611 T.
1616 3581 1617 3646 ἐ

570 3728 651 3817 I.p.
671 3748 746 3817 329.

580 3964 584 3974 ,
610 3908 694 3975 Cum
715 3909 886 3977 curandum
907 3908 963 3989 fit,
984 3929 1023 3975 ne
1044 3908 1097 3975 eui
1117 3920 1282 3991 noceatur,
1310 3922 1342 3975 et
1362 3903 1528 3981 cummunis

567 4080 684 4150 utilius
705 4084 886 4171 adjuvetur,
914 4085 1068 4170 sequitur,
1098 4099 1153 4167 ut,
1181 4086 1331 4170 quidquid
1352 4086 1445 4173 hujus
1467 4104 1532 4171 per-

564 4258 711 4331 fectionis
746 4267 893 4333 naturalis
925 4279 1091 4355 praecepto
1125 4281 1301 4351 repugnat,
1332 4263 1526 4355 jurejurando
1616 4279 1617 4286 ¹

1478 4447 1527 4495 sse·
