3725 5750
1179 807 1269 874 40
1728 771 2046 857 o‘nsER
2069 778 2603 857 vAT1oan

1193 1010 1299 1073 ιο.
1343 992 1439 1062 D.
1479 990 1571 1058 ad
1588 989 1745 1078 Leg.
1779 989 1992 1078 Aquil-
2037 991 2203 1074 apud
2245 991 2569 1060 Romanos
2612 1012 2761 1077 er-go
2778 1039 2802 1071 ,
2845 989 2909 1056 in
2934 994 3145 1058 rebus

1187 1168 1553 1260 pecuniariis
1594 1167 1832 1235 admitti
1864 1169 2110 1236 licebat.
2196 1169 2323 1236 Sed
2345 1171 2496 1238 haec
2523 1171 2771 1255 quidem
2799 1171 3137 1240 hactenus·

1191 1350 1334 1420 Post
1368 1351 1799 1437 jusjurandum
1838 1350 1916 1415 ab
1959 1363 2167 1415 actore
2206 1350 2472 1417 delatum
2509 1350 2884 1418 contrarium
2912 1350 2993 1415 de
3029 1372 3141 1416 cuv

1192 1525 1424 1598 lumnia
1454 1528 1887 1617 jusjurandum
1927 1547 2034 1594 reo
2076 1529 2396 1610 competit.
2441 1532 2593 1600 Vid.
2640 1550 2955 1600 pantu
3005 1530 3138 1596 Re-

1195 1726 1350 1799 cept.
1388 1712 1654 1778 Sentent.
1686 1707 1769 1774 L.
1791 1704 1883 1773 II.
1913 1708 2042 1774 Tit.
2075 1728 2135 1776 1.
2161 1710 2225 1790 §-
2258 1728 2322 1776 α.
2370 1724 2432 1776 et
2469 1714 2672 1796 lega,
2718 1731 2870 1792 quas
2904 1710 3139 1776 excitat

1200 1905 1852 1956 senuna-monis
1899 1887 1963 1953 in
1992 1886 2241 1976 Jun'sp.
2279 1887 2579 1976 Antejust.
2597 1908 2677 1979 p.
2707 1890 2853 1959 268.

1283 2071 1450 2138 Cum
1493 2068 1775 2134 homines
1816 2067 2200 2132 adducantur
2248 2068 2548 2151 maxime,
2597 2083 2667 2137 ut
2717 2088 2826 2134 eos
2869 2067 3137 2153 justitiae

1195 2249 1403 2332 capiat
1449 2248 1723 2328 oblivi0‚
1777 2247 1843 2312 in
1885 2246 2096 2312 litibus
2145 2245 2532 2325 instituendis
2574 2249 2656 2315 ita
2705 2237 2846 2314 sunt
2889 2248 3137 2328 acerbi,

1202 2439 1314 2508 ut,
1370 2426 1573 2493 omnia
1617 2425 1876 2493 maxime
1927 2422 2052 2489 suis
2099 2426 2443 2492 commodis
2493 2427 2850 2508 metienteS,
2894 2425 3135 2490 nullum

1202 2602 1270 2673 in
1309 2606 1690 2688 anquirendo
1731 2606 1947 2686 lucro,
1991 2604 2164 2686 quod
2213 2624 2358 2670 cum
2403 2606 2628 2672 damno
2670 2605 2988 2672 adversarii
3024 2603 3140 2670 fibi

1183 2787 1518 2868 -acquirere
1565 2785 1850 2871 sperant,
1905 2785 2162 2851 modurn
2203 2799 2472 2858 teneant.
2558 2783 2984 2869 Intempestive
3026 2782 3143 2847 ita*

1204 2980 1330 3043 que
1377 2964 1455 3028 ad
1499 2962 1861 3047 litigandum
1917 2965 2220 3032 accedunt
2243 3012 2268 3046 ,
2322 2964 2474 3031 alios
2521 2964 2888 3049 inpudenter
2927 2967 2992 3030 in
3034 2966 3143 3051 jus

1201 3154 1469 3221 vocant,
1522 3140 1728 3225 aspere
1775 3164 1849 3211 ac
1906 3142 2341 3211 contumeliose
2392 3164 2537 3210 cum
2590 3144 2708 3211 illis
2757 3160 2988 3229 agunt,
3033 3165 3148 3210 ηε,

1206 3329 1371 3405 que,
1413 3322 1559 3389 licet
1598 3323 1957 3432 petitionem
1993 3322 2158 3389 suam
2198 3324 2670 3392 inverecundam
2714 3326 2830 3391 effe
2854 3324 3143 3403 videant,

1204 3502 1509 3586 planeque
1551 3502 1928 3585 intelligant,
1969 3500 2150 3566 facile
2187 3501 2412 3568 adduci
2440 3503 2724 3585 possunt,
2768 3519 2839 3571 ut
2863 3505 2939 3570 ab
2967 3506 3149 3571 alter·-

1197 3683 1556 3754 cationibus
1605 3681 1928 3749 inutilibus
1969 3680 2250 3748 desistant
2298 3702 2369 3748 ac
2421 3682 2844 3777 deflectantur.
2930 3683 3148 3763 Itaque

1200 3861 1327 3947 jam
1379 3818 1555 3927 olim.
1579 3880 1802 3946 pravae
1853 3860 2000 3927 huic
2054 3858 2516 3943 consuetudini,
2571 3861 2806 3928 civitati
2851 3862 3147 3927 damnum

1202 4038 1373 4105 haud
1426 4037 1717 4121 exiguum
1765 4038 2060 4121 minanti,
2114 4037 2479 4107 medicinam
2527 4038 2855 4122 adhibere,
2906 4038 3154 4122 legisla-

1211 4171 1458 4301 toribus·
1492 4236 1525 4284 e
1568 4235 1632 4286 re
1666 4217 1803 4289 fore
1840 4218 2035 4300 visum
2075 4217 2183 4289 est.
2267 4219 2340 4291 Iu
2383 4218 2449 4291 id
2485 4239 2672 4307 erge,
2715 4232 2786 4296 ut
2819 4219 2960 4291 lites
3003 4237 3158 4298 can,-

3045 4398 3152 4467 tuns
