<?xml version="1.0" encoding="UTF-8"?>
<!DOCTYPE html PUBLIC "-//W3C//DTD XHTML 1.0 Transitional//EN"
    "http://www.w3.org/TR/xhtml1/DTD/xhtml1-transitional.dtd">
<html xmlns="http://www.w3.org/1999/xhtml" xml:lang="en" lang="en">
 <head>
  <title>
</title>
<meta http-equiv="Content-Type" content="text/html;charset=utf-8" />
  <meta name='ocr-system' content='tesseract 3.04.00' />
  <meta name='ocr-capabilities' content='ocr_page ocr_carea ocr_par ocr_line ocrx_word'/>
</head>
<body>
  <div class='ocr_page' id='page_1' title='image "./inauguraleselec00desgoog_0121.png"; bbox 0 0 3725 5750; ppageno 0'>
   <div class='ocr_carea' id='block_1_1' title="bbox 498 767 1279 907">
    <p class='ocr_par' dir='ltr' id='par_1_1' title="bbox 498 767 1279 907">
     <span class='ocr_line' id='line_1_1' title="bbox 498 767 1279 907; baseline 0.003 -17"><span class='ocrx_word' id='word_1_1' title='bbox 498 767 500 771; x_wconf 42' lang='grc'>’</span> <span class='ocrx_word' id='word_1_2' title='bbox 559 821 622 890; x_wconf 80' lang='lat' dir='ltr'><strong>nn</strong></span> <span class='ocrx_word' id='word_1_3' title='bbox 657 815 987 907; x_wconf 80' lang='lat' dir='ltr'><strong>JunnJunnuuo.</strong></span> <span class='ocrx_word' id='word_1_4' title='bbox 1218 839 1279 894; x_wconf 78' lang='lat' dir='ltr'><strong>m</strong></span> 
     </span>
    </p>
   </div>
   <div class='ocr_carea' id='block_1_2' title="bbox 235 1028 1370 1654">
    <p class='ocr_par' dir='ltr' id='par_1_2' title="bbox 235 1028 1370 1654">
     <span class='ocr_line' id='line_1_2' title="bbox 288 1028 1277 1114; baseline -0.001 -15"><span class='ocrx_word' id='word_1_5' title='bbox 288 1033 443 1100; x_wconf 84' lang='lat' dir='ltr'><strong>rationes</strong></span> <span class='ocrx_word' id='word_1_6' title='bbox 463 1029 538 1100; x_wconf 82' lang='lat' dir='ltr'><strong>satis</strong></span> <span class='ocrx_word' id='word_1_7' title='bbox 559 1031 684 1098; x_wconf 84' lang='lat' dir='ltr'><strong>idoneas</strong></span> <span class='ocrx_word' id='word_1_8' title='bbox 710 1031 752 1098; x_wconf 87' lang='lat' dir='ltr'><strong>L.</strong></span> <span class='ocrx_word' id='word_1_9' title='bbox 780 1029 903 1097; x_wconf 83' lang='lat' dir='ltr'><strong>Manlio</strong></span> <span class='ocrx_word' id='word_1_10' title='bbox 925 1028 1007 1096; x_wconf 84' lang='lat' dir='ltr'><strong>diem</strong></span> <span class='ocrx_word' id='word_1_11' title='bbox 1026 1028 1163 1114; x_wconf 62' lang='lat' dir='ltr'><strong>dinero,</strong></span> <span class='ocrx_word' id='word_1_12' title='bbox 1183 1043 1217 1098; x_wconf 83' lang='lat' dir='ltr'><strong>et</strong></span> <span class='ocrx_word' id='word_1_13' title='bbox 1236 1030 1277 1098; x_wconf 78' lang='lat' dir='ltr'><strong>eb</strong></span> 
     </span>
     <span class='ocr_line' id='line_1_3' title="bbox 291 1188 1370 1299; baseline -0.001 -22"><span class='ocrx_word' id='word_1_14' title='bbox 291 1215 376 1299; x_wconf 79' lang='lat' dir='ltr'><strong>eJus</strong></span> <span class='ocrx_word' id='word_1_15' title='bbox 399 1209 463 1278; x_wconf 91' lang='lat' dir='ltr'><strong>filio</strong></span> <span class='ocrx_word' id='word_1_16' title='bbox 485 1209 588 1276; x_wconf 90' lang='lat' dir='ltr'><strong>stricto</strong></span> <span class='ocrx_word' id='word_1_17' title='bbox 608 1225 639 1274; x_wconf 83' lang='lat' dir='ltr'><strong>et</strong></span> <span class='ocrx_word' id='word_1_18' title='bbox 660 1209 803 1295; x_wconf 87' lang='lat' dir='ltr'><strong>irnposrto</strong></span> <span class='ocrx_word' id='word_1_19' title='bbox 825 1207 926 1294; x_wconf 83' lang='lat' dir='ltr'><strong>gladio</strong></span> <span class='ocrx_word' id='word_1_20' title='bbox 937 1208 1179 1293; x_wconf 79' lang='lat' dir='ltr'><strong>jururecooctus</strong></span> <span class='ocrx_word' id='word_1_21' title='bbox 1191 1223 1276 1292; x_wconf 71' lang='lat' dir='ltr'><strong>erut,</strong></span> <span class='ocrx_word' id='word_1_22' title='bbox 1366 1188 1370 1196; x_wconf 38' lang='lat'><em>¹</em></span> 
     </span>
     <span class='ocr_line' id='line_1_4' title="bbox 235 1386 1274 1478; baseline 0 -20"><span class='ocrx_word' id='word_1_23' title='bbox 235 1437 238 1478; x_wconf 87' lang='lat'><strong>:</strong></span> <span class='ocrx_word' id='word_1_24' title='bbox 296 1406 337 1458; x_wconf 87' lang='lat' dir='ltr'><strong>ut</strong></span> <span class='ocrx_word' id='word_1_25' title='bbox 361 1411 383 1457; x_wconf 87' lang='lat' dir='ltr'>a</span> <span class='ocrx_word' id='word_1_26' title='bbox 405 1387 497 1456; x_wconf 84' lang='lat' dir='ltr'><strong>causa</strong></span> <span class='ocrx_word' id='word_1_27' title='bbox 518 1386 690 1470; x_wconf 80' lang='lat' dir='ltr'><strong>desisteret,</strong></span> <span class='ocrx_word' id='word_1_28' title='bbox 712 1388 806 1475; x_wconf 72' lang='lat' dir='ltr'><strong>(Vici.</strong></span> <span class='ocrx_word' id='word_1_29' title='bbox 834 1406 978 1454; x_wconf 75' lang='lat' dir='ltr'><strong>nrvrus</strong></span> <span class='ocrx_word' id='word_1_30' title='bbox 1006 1387 1047 1456; x_wconf 87' lang='lat' dir='ltr'><strong>L.</strong></span> <span class='ocrx_word' id='word_1_31' title='bbox 1069 1387 1144 1460; x_wconf 85' lang='lat' dir='ltr'><em>VII.</em></span> <span class='ocrx_word' id='word_1_32' title='bbox 1166 1391 1203 1458; x_wconf 83' lang='lat' dir='ltr'><strong>C.</strong></span> <span class='ocrx_word' id='word_1_33' title='bbox 1215 1387 1274 1477; x_wconf 76' lang='lat'><strong>5.)</strong></span> 
     </span>
     <span class='ocr_line' id='line_1_5' title="bbox 296 1521 1361 1654; baseline -0.001 -17"><span class='ocrx_word' id='word_1_34' title='bbox 296 1591 370 1638; x_wconf 91' lang='lat' dir='ltr'><strong>non</strong></span> <span class='ocrx_word' id='word_1_35' title='bbox 403 1583 469 1634; x_wconf 80' lang='lat' dir='ltr'><strong>erat</strong></span> <span class='ocrx_word' id='word_1_36' title='bbox 494 1521 588 1652; x_wconf 36' lang='lat' dir='ltr'><strong>ergoss</strong></span> <span class='ocrx_word' id='word_1_37' title='bbox 608 1568 708 1654; x_wconf 57' lang='lat' dir='ltr'><strong>„quod</strong></span> <span class='ocrx_word' id='word_1_38' title='bbox 733 1569 950 1654; x_wconf 82' lang='lat' dir='ltr'><strong>jusjurandum</strong></span> <span class='ocrx_word' id='word_1_39' title='bbox 980 1567 1124 1634; x_wconf 81' lang='lat' dir='ltr'><strong>servaret.</strong></span> <span class='ocrx_word' id='word_1_40' title='bbox 1177 1570 1276 1636; x_wconf 78' lang='lat' dir='ltr'><strong>Aliter</strong></span> <span class='ocrx_word' id='word_1_41' title='bbox 1355 1625 1361 1643; x_wconf 88' lang='grc'><strong><em>,</em></strong></span> 
     </span>
    </p>
   </div>
   <div class='ocr_carea' id='block_1_3' title="bbox 294 1745 1277 1832">
    <p class='ocr_par' dir='ltr' id='par_1_3' title="bbox 294 1745 1277 1832">
     <span class='ocr_line' id='line_1_6' title="bbox 294 1745 1277 1832; baseline -0.001 -17"><span class='ocrx_word' id='word_1_42' title='bbox 294 1769 382 1816; x_wconf 86' lang='lat' dir='ltr'><strong>vero</strong></span> <span class='ocrx_word' id='word_1_43' title='bbox 408 1747 574 1829; x_wconf 86' lang='lat' dir='ltr'><strong>comparati</strong></span> <span class='ocrx_word' id='word_1_44' title='bbox 594 1761 682 1814; x_wconf 87' lang='lat' dir='ltr'><strong>ernnt</strong></span> <span class='ocrx_word' id='word_1_45' title='bbox 698 1746 830 1832; x_wconf 85' lang='lat' dir='ltr'><strong>juvenes</strong></span> <span class='ocrx_word' id='word_1_46' title='bbox 856 1747 900 1812; x_wconf 92' lang='lat' dir='ltr'><strong>illi</strong></span> <span class='ocrx_word' id='word_1_47' title='bbox 920 1745 1074 1829; x_wconf 77' lang='lat' dir='ltr'><strong>Romani,</strong></span> <span class='ocrx_word' id='word_1_48' title='bbox 1101 1746 1176 1829; x_wconf 86' lang='lat' dir='ltr'><strong>qui,</strong></span> <span class='ocrx_word' id='word_1_49' title='bbox 1202 1766 1277 1814; x_wconf 79' lang='lat' dir='ltr'><strong>curn</strong></span> 
     </span>
    </p>
   </div>
   <div class='ocr_carea' id='block_1_4' title="bbox 235 1923 1389 2021">
    <p class='ocr_par' dir='ltr' id='par_1_4' title="bbox 235 1923 1389 2021">
     <span class='ocr_line' id='line_1_7' title="bbox 235 1923 1389 2021; baseline 0.003 -29"><span class='ocrx_word' id='word_1_50' title='bbox 235 1981 237 2021; x_wconf 54' lang='lat'>3</span> <span class='ocrx_word' id='word_1_51' title='bbox 295 1926 386 1993; x_wconf 85' lang='lat' dir='ltr'><strong>duce</strong></span> <span class='ocrx_word' id='word_1_52' title='bbox 410 1925 540 1992; x_wconf 85' lang='lat' dir='ltr'><strong>Metello</strong></span> <span class='ocrx_word' id='word_1_53' title='bbox 561 1924 787 2008; x_wconf 80' lang='lat' dir='ltr'><strong>transfugiendi</strong></span> <span class='ocrx_word' id='word_1_54' title='bbox 807 1923 965 1992; x_wconf 86' lang='lat' dir='ltr'><strong>confilium</strong></span> <span class='ocrx_word' id='word_1_55' title='bbox 986 1923 1151 2010; x_wconf 82' lang='lat' dir='ltr'><strong>eepiffont,</strong></span> <span class='ocrx_word' id='word_1_56' title='bbox 1171 1947 1190 1993; x_wconf 86' lang='lat' dir='ltr'>a</span> <span class='ocrx_word' id='word_1_57' title='bbox 1208 1927 1277 1994; x_wconf 82' lang='lat' dir='ltr'><strong>Sci·</strong></span> <span class='ocrx_word' id='word_1_58' title='bbox 1384 1937 1389 1950; x_wconf 90' lang='lat'>&#39;</span> 
     </span>
    </p>
   </div>
   <div class='ocr_carea' id='block_1_5' title="bbox 231 2103 1279 4171">
    <p class='ocr_par' dir='ltr' id='par_1_5' title="bbox 231 2103 1279 2910">
     <span class='ocr_line' id='line_1_8' title="bbox 233 2103 1279 2191; baseline 0.004 -21"><span class='ocrx_word' id='word_1_59' title='bbox 233 2162 234 2170; x_wconf 72' lang='grc'>,</span> <span class='ocrx_word' id='word_1_60' title='bbox 297 2107 404 2191; x_wconf 87' lang='lat' dir='ltr'><strong>pione</strong></span> <span class='ocrx_word' id='word_1_61' title='bbox 430 2105 462 2171; x_wconf 88' lang='lat' dir='ltr'><strong>vi</strong></span> <span class='ocrx_word' id='word_1_62' title='bbox 491 2104 594 2171; x_wconf 82' lang='lat' dir='ltr'><strong>coacti</strong></span> <span class='ocrx_word' id='word_1_63' title='bbox 620 2103 708 2187; x_wconf 90' lang='lat' dir='ltr'><strong>sunt,</strong></span> <span class='ocrx_word' id='word_1_64' title='bbox 735 2120 770 2171; x_wconf 92' lang='lat' dir='ltr'><strong>ut</strong></span> <span class='ocrx_word' id='word_1_65' title='bbox 790 2105 978 2190; x_wconf 84' lang='lat' dir='ltr'><strong>propofitunr</strong></span> <span class='ocrx_word' id='word_1_66' title='bbox 999 2107 1224 2190; x_wconf 83' lang='lat' dir='ltr'><strong>relinquerent,</strong></span> <span class='ocrx_word' id='word_1_67' title='bbox 1244 2121 1279 2174; x_wconf 81' lang='lat' dir='ltr'><strong>ot</strong></span> 
     </span>
     <span class='ocr_line' id='line_1_9' title="bbox 296 2282 1270 2369; baseline 0.005 -20"><span class='ocrx_word' id='word_1_68' title='bbox 296 2285 403 2349; x_wconf 77' lang='lat' dir='ltr'><strong>sidem</strong></span> <span class='ocrx_word' id='word_1_69' title='bbox 424 2282 518 2367; x_wconf 84' lang='lat' dir='ltr'><strong>Reip.</strong></span> <span class='ocrx_word' id='word_1_70' title='bbox 539 2284 674 2368; x_wconf 84' lang='lat' dir='ltr'><strong>juratum</strong></span> <span class='ocrx_word' id='word_1_71' title='bbox 695 2285 918 2369; x_wconf 82' lang='lat' dir='ltr'><strong>promitterent.</strong></span> <span class='ocrx_word' id='word_1_72' title='bbox 956 2285 1029 2355; x_wconf 81' lang='lat' dir='ltr'><strong>Vid.</strong></span> <span class='ocrx_word' id='word_1_73' title='bbox 1056 2305 1200 2353; x_wconf 78' lang='lat' dir='ltr'><strong>rrvrus</strong></span> <span class='ocrx_word' id='word_1_74' title='bbox 1226 2285 1270 2354; x_wconf 77' lang='lat' dir='ltr'><strong>L.</strong></span> 
     </span>
     <span class='ocr_line' id='line_1_10' title="bbox 298 2437 1273 2553; baseline -0.001 -20"><span class='ocrx_word' id='word_1_75' title='bbox 298 2464 413 2534; x_wconf 85' lang='lat' dir='ltr'><em>XXII.</em></span> <span class='ocrx_word' id='word_1_76' title='bbox 441 2465 477 2532; x_wconf 88' lang='lat' dir='ltr'><strong>C.</strong></span> <span class='ocrx_word' id='word_1_77' title='bbox 505 2478 558 2551; x_wconf 82' lang='lat'><strong>53.</strong></span> <span class='ocrx_word' id='word_1_78' title='bbox 607 2463 653 2530; x_wconf 83' lang='lat' dir='ltr'><strong>Illi</strong></span> <span class='ocrx_word' id='word_1_79' title='bbox 673 2461 815 2546; x_wconf 89' lang='lat' dir='ltr'><strong>profecto</strong></span> <span class='ocrx_word' id='word_1_80' title='bbox 841 2464 873 2536; x_wconf 93' lang='lat' dir='ltr'><strong>in</strong></span> <span class='ocrx_word' id='word_1_81' title='bbox 891 2437 1060 2553; x_wconf 72' lang='lat' dir='ltr'><strong>perjurium</strong></span> <span class='ocrx_word' id='word_1_82' title='bbox 1081 2465 1273 2547; x_wconf 80' lang='lat' dir='ltr'><strong>incidiiient‚</strong></span> 
     </span>
     <span class='ocr_line' id='line_1_11' title="bbox 231 2617 1276 2730; baseline 0 -18"><span class='ocrx_word' id='word_1_83' title='bbox 231 2681 232 2684; x_wconf 17' lang='grc' dir='ltr'>π</span> <span class='ocrx_word' id='word_1_84' title='bbox 286 2646 325 2712; x_wconf 80' lang='lat' dir='ltr'><strong>&#39;sr</strong></span> <span class='ocrx_word' id='word_1_85' title='bbox 350 2647 454 2730; x_wconf 81' lang='lat' dir='ltr'><strong>pactis</strong></span> <span class='ocrx_word' id='word_1_86' title='bbox 476 2665 538 2711; x_wconf 91' lang='lat' dir='ltr'><strong>non</strong></span> <span class='ocrx_word' id='word_1_87' title='bbox 559 2643 720 2726; x_wconf 72' lang='lat' dir='ltr'><strong>stetissent,</strong></span> <span class='ocrx_word' id='word_1_88' title='bbox 742 2663 815 2710; x_wconf 89' lang='lat' dir='ltr'><strong>curn</strong></span> <span class='ocrx_word' id='word_1_89' title='bbox 836 2645 953 2728; x_wconf 85' lang='lat' dir='ltr'><strong>duplici</strong></span> <span class='ocrx_word' id='word_1_90' title='bbox 973 2647 1088 2728; x_wconf 83' lang='lat' dir='ltr'><strong>modo,</strong></span> <span class='ocrx_word' id='word_1_91' title='bbox 1109 2647 1184 2713; x_wconf 89' lang='lat' dir='ltr'><strong>boni</strong></span> <span class='ocrx_word' id='word_1_92' title='bbox 1196 2617 1276 2712; x_wconf 71' lang='lat' dir='ltr'><strong>crv&#39;o</strong></span> 
     </span>
     <span class='ocr_line' id='line_1_12' title="bbox 298 2824 1093 2910; baseline 0.004 -20"><span class='ocrx_word' id='word_1_93' title='bbox 298 2824 409 2891; x_wconf 88' lang='lat' dir='ltr'><strong>officio</strong></span> <span class='ocrx_word' id='word_1_94' title='bbox 432 2841 462 2892; x_wconf 91' lang='lat' dir='ltr'><strong>et</strong></span> <span class='ocrx_word' id='word_1_95' title='bbox 482 2824 688 2893; x_wconf 82' lang='lat' dir='ltr'><strong>affimrationis</strong></span> <span class='ocrx_word' id='word_1_96' title='bbox 708 2825 884 2910; x_wconf 83' lang='lat' dir='ltr'><strong>sanctitate,</strong></span> <span class='ocrx_word' id='word_1_97' title='bbox 905 2840 1093 2895; x_wconf 84' lang='lat' dir='ltr'><strong>tenerentur.</strong></span> 
     </span>
    </p>

    <p class='ocr_par' dir='ltr' id='par_1_6' title="bbox 299 3004 1275 4171">
     <span class='ocr_line' id='line_1_13' title="bbox 345 3004 1272 3095; baseline 0.001 -24"><span class='ocrx_word' id='word_1_98' title='bbox 345 3005 410 3071; x_wconf 86' lang='lat' dir='ltr'><strong>Sed</strong></span> <span class='ocrx_word' id='word_1_99' title='bbox 437 3004 470 3071; x_wconf 94' lang='lat' dir='ltr'><strong>in</strong></span> <span class='ocrx_word' id='word_1_100' title='bbox 492 3004 563 3071; x_wconf 86' lang='lat' dir='ltr'><strong>casu</strong></span> <span class='ocrx_word' id='word_1_101' title='bbox 581 3007 683 3091; x_wconf 88' lang='lat' dir='ltr'><strong>priore</strong></span> <span class='ocrx_word' id='word_1_102' title='bbox 704 3006 765 3073; x_wconf 80' lang='lat' dir='ltr'><strong>fine</strong></span> <span class='ocrx_word' id='word_1_103' title='bbox 784 3008 910 3095; x_wconf 76' lang='lat' dir='ltr'><strong>periurii</strong></span> <span class='ocrx_word' id='word_1_104' title='bbox 928 3005 1118 3091; x_wconf 84' lang='lat' dir='ltr'><strong>suspicione,</strong></span> <span class='ocrx_word' id='word_1_105' title='bbox 1139 3005 1272 3093; x_wconf 52' lang='lat' dir='ltr'><strong>promis,</strong></span> 
     </span>
     <span class='ocr_line' id='line_1_14' title="bbox 304 3182 1272 3270; baseline 0.002 -23"><span class='ocrx_word' id='word_1_106' title='bbox 304 3182 423 3251; x_wconf 83' lang='lat' dir='ltr'><strong>fionem</strong></span> <span class='ocrx_word' id='word_1_107' title='bbox 445 3203 585 3254; x_wconf 87' lang='lat' dir='ltr'><strong>coactam</strong></span> <span class='ocrx_word' id='word_1_108' title='bbox 605 3209 670 3255; x_wconf 88' lang='lat' dir='ltr'><strong>non</strong></span> <span class='ocrx_word' id='word_1_109' title='bbox 689 3186 806 3253; x_wconf 73' lang='lat' dir='ltr'><strong>seruare</strong></span> <span class='ocrx_word' id='word_1_110' title='bbox 824 3186 988 3252; x_wconf 88' lang='lat' dir='ltr'><strong>Tribunus</strong></span> <span class='ocrx_word' id='word_1_111' title='bbox 1000 3186 1089 3252; x_wconf 84' lang='lat' dir='ltr'><strong>focile</strong></span> <span class='ocrx_word' id='word_1_112' title='bbox 1106 3200 1272 3270; x_wconf 65' lang='lat' dir='ltr'><strong>potuerat,</strong></span> 
     </span>
     <span class='ocr_line' id='line_1_15' title="bbox 305 3334 1275 3453; baseline -0.002 -25"><span class='ocrx_word' id='word_1_113' title='bbox 305 3364 400 3447; x_wconf 85' lang='lat' dir='ltr'><strong>quio,</strong></span> <span class='ocrx_word' id='word_1_114' title='bbox 422 3365 538 3434; x_wconf 82' lang='lat' dir='ltr'><strong>servato</strong></span> <span class='ocrx_word' id='word_1_115' title='bbox 554 3334 772 3452; x_wconf 73' lang='lat' dir='ltr'><strong>iureiurando,</strong></span> <span class='ocrx_word' id='word_1_116' title='bbox 795 3386 857 3434; x_wconf 90' lang='lat' dir='ltr'><strong>non</strong></span> <span class='ocrx_word' id='word_1_117' title='bbox 878 3380 999 3453; x_wconf 80' lang='lat' dir='ltr'><strong>poterut</strong></span> <span class='ocrx_word' id='word_1_118' title='bbox 1016 3384 1082 3431; x_wconf 90' lang='lat' dir='ltr'><strong>non</strong></span> <span class='ocrx_word' id='word_1_119' title='bbox 1098 3356 1209 3429; x_wconf 82' lang='lat' dir='ltr'><strong>contra</strong></span> <span class='ocrx_word' id='word_1_120' title='bbox 1222 3361 1275 3427; x_wconf 83' lang='lat' dir='ltr'><strong>of·</strong></span> 
     </span>
     <span class='ocr_line' id='line_1_16' title="bbox 299 3539 1274 3625; baseline 0.003 -20"><span class='ocrx_word' id='word_1_121' title='bbox 299 3539 414 3607; x_wconf 86' lang='lat' dir='ltr'><strong>ficium</strong></span> <span class='ocrx_word' id='word_1_122' title='bbox 433 3562 533 3625; x_wconf 82' lang='lat' dir='ltr'><strong>agere.</strong></span> <span class='ocrx_word' id='word_1_123' title='bbox 576 3546 627 3610; x_wconf 85' lang='lat' dir='ltr'><strong>Ab</strong></span> <span class='ocrx_word' id='word_1_124' title='bbox 646 3547 704 3611; x_wconf 86' lang='lat' dir='ltr'><strong>hnc</strong></span> <span class='ocrx_word' id='word_1_125' title='bbox 722 3568 790 3613; x_wconf 86' lang='lat' dir='ltr'><strong>rnen</strong></span> <span class='ocrx_word' id='word_1_126' title='bbox 809 3547 1040 3615; x_wconf 84' lang='lat' dir='ltr'><strong>ratiocinatione</strong></span> <span class='ocrx_word' id='word_1_127' title='bbox 1059 3546 1109 3611; x_wconf 80' lang='lat' dir='ltr'><strong>illo</strong></span> <span class='ocrx_word' id='word_1_128' title='bbox 1126 3543 1274 3610; x_wconf 83' lang='lat' dir='ltr'><strong>consecu-</strong></span> 
     </span>
     <span class='ocr_line' id='line_1_17' title="bbox 302 3718 1273 3809; baseline 0.01 -24"><span class='ocrx_word' id='word_1_129' title='bbox 302 3721 351 3785; x_wconf 87' lang='lat' dir='ltr'><strong>tio</strong></span> <span class='ocrx_word' id='word_1_130' title='bbox 375 3718 609 3803; x_wconf 88' lang='lat' dir='ltr'><strong>proficiscntur,</strong></span> <span class='ocrx_word' id='word_1_131' title='bbox 633 3722 737 3805; x_wconf 91' lang='lat' dir='ltr'><strong>quod,</strong></span> <span class='ocrx_word' id='word_1_132' title='bbox 759 3744 830 3790; x_wconf 87' lang='lat' dir='ltr'><strong>cum</strong></span> <span class='ocrx_word' id='word_1_133' title='bbox 849 3723 997 3789; x_wconf 83' lang='lat' dir='ltr'><strong>violatum</strong></span> <span class='ocrx_word' id='word_1_134' title='bbox 1012 3722 1273 3809; x_wconf 65' lang='lat' dir='ltr'><strong>ejusmodijusjur</strong></span> 
     </span>
     <span class='ocr_line' id='line_1_18' title="bbox 303 3899 1273 3991; baseline 0.008 -27"><span class='ocrx_word' id='word_1_135' title='bbox 303 3902 438 3967; x_wconf 86' lang='lat' dir='ltr'><strong>randum</strong></span> <span class='ocrx_word' id='word_1_136' title='bbox 457 3904 539 3969; x_wconf 85' lang='lat' dir='ltr'><strong>nullo</strong></span> <span class='ocrx_word' id='word_1_137' title='bbox 557 3904 681 3991; x_wconf 84' lang='lat' dir='ltr'><strong>perjurii</strong></span> <span class='ocrx_word' id='word_1_138' title='bbox 701 3899 830 3989; x_wconf 88' lang='lat' dir='ltr'><strong>suspicio</strong></span> <span class='ocrx_word' id='word_1_139' title='bbox 855 3903 1079 3988; x_wconf 82' lang='lat' dir='ltr'><strong>consequatur,</strong></span> <span class='ocrx_word' id='word_1_140' title='bbox 1105 3903 1150 3970; x_wconf 86' lang='lat' dir='ltr'><strong>ilii</strong></span> <span class='ocrx_word' id='word_1_141' title='bbox 1166 3904 1273 3971; x_wconf 82' lang='lat' dir='ltr'><strong>officio</strong></span> 
     </span>
     <span class='ocr_line' id='line_1_19' title="bbox 307 4078 1272 4171; baseline 0.01 -28"><span class='ocrx_word' id='word_1_142' title='bbox 307 4078 423 4165; x_wconf 82' lang='lat' dir='ltr'><strong>defint,</strong></span> <span class='ocrx_word' id='word_1_143' title='bbox 445 4083 499 4167; x_wconf 94' lang='lat' dir='ltr'><strong>qui</strong></span> <span class='ocrx_word' id='word_1_144' title='bbox 512 4100 640 4151; x_wconf 86' lang='lat' dir='ltr'><strong>mortem</strong></span> <span class='ocrx_word' id='word_1_145' title='bbox 651 4084 771 4171; x_wconf 71' lang='lat' dir='ltr'><strong>subire,</strong></span> <span class='ocrx_word' id='word_1_146' title='bbox 787 4104 880 4169; x_wconf 87' lang='lat' dir='ltr'><strong>quam</strong></span> <span class='ocrx_word' id='word_1_147' title='bbox 890 4083 1272 4171; x_wconf 80' lang='lat' dir='ltr'><strong>jurejurandoseobstrin·</strong></span> 
     </span>
    </p>
   </div>
   <div class='ocr_carea' id='block_1_6' title="bbox 307 4262 1331 4371">
    <p class='ocr_par' dir='ltr' id='par_1_7' title="bbox 307 4262 1331 4371">
     <span class='ocr_line' id='line_1_20' title="bbox 307 4262 1331 4371; baseline 0.006 -47"><span class='ocrx_word' id='word_1_148' title='bbox 307 4276 381 4343; x_wconf 83' lang='lat' dir='ltr'><strong>gere</strong></span> <span class='ocrx_word' id='word_1_149' title='bbox 406 4264 529 4358; x_wconf 67' lang='lat' dir='ltr'><strong>nolint,</strong></span> <span class='ocrx_word' id='word_1_150' title='bbox 556 4262 748 4352; x_wconf 77' lang='lat' dir='ltr'><strong>praesertin,</strong></span> <span class='ocrx_word' id='word_1_151' title='bbox 776 4265 799 4335; x_wconf 84' lang='lat' dir='ltr'><strong>sr</strong></span> <span class='ocrx_word' id='word_1_152' title='bbox 819 4265 842 4333; x_wconf 95' lang='lat' dir='ltr'><strong>ii</strong></span> <span class='ocrx_word' id='word_1_153' title='bbox 866 4264 947 4352; x_wconf 81' lang='lat' dir='ltr'><strong>ssot,</strong></span> <span class='ocrx_word' id='word_1_154' title='bbox 972 4265 1029 4351; x_wconf 88' lang='lat' dir='ltr'><strong>qui</strong></span> <span class='ocrx_word' id='word_1_155' title='bbox 1055 4266 1117 4336; x_wconf 82' lang='lat' dir='ltr'><strong>vivi</strong></span> <span class='ocrx_word' id='word_1_156' title='bbox 1139 4268 1269 4334; x_wconf 75' lang='lat' dir='ltr'><strong>moltam</strong></span> <span class='ocrx_word' id='word_1_157' title='bbox 1321 4352 1331 4371; x_wconf 78' lang='lat'>.</span> 
     </span>
    </p>
   </div>
   <div class='ocr_carea' id='block_1_7' title="bbox 1197 4431 1260 4496">
    <p class='ocr_par' dir='ltr' id='par_1_8' title="bbox 1197 4431 1260 4496">
     <span class='ocr_line' id='line_1_21' title="bbox 1197 4431 1260 4496; baseline -0.032 0"><span class='ocrx_word' id='word_1_158' title='bbox 1197 4431 1260 4496; x_wconf 87' lang='lat' dir='ltr'><strong>nti·</strong></span> 
     </span>
    </p>
   </div>
   <div class='ocr_carea' id='block_1_8' title="bbox 0 0 1880 5750">
    <p class='ocr_par' dir='ltr' id='par_1_9' title="bbox 0 0 1880 5750">
     <span class='ocr_line' id='line_1_22' title="bbox 0 0 1880 5750; baseline 0 0"><span class='ocrx_word' id='word_1_159' title='bbox 0 0 1880 5750; x_wconf 95' lang='lat' dir='ltr'><strong> </strong></span> 
     </span>
    </p>
   </div>
  </div>
 </body>
</html>
