3725 5750
217 313 1648 456 ········-·-·-n

516 857 599 924 *DE
635 844 966 939 JUREJURANno.
1196 867 1251 943 ιφ,

218 1140 219 1143 ,
267 1067 434 1135 introcant:
452 1050 626 1148 at'srripfit
653 1075 862 1128 auterno.
896 1057 934 1126 de
954 1059 996 1126 0.
1018 1057 1063 1127 H.
1087 1073 1119 1152 et
1139 1061 1177 1130 c.
1196 1059 1236 1146 I,
1297 1043 1299 1046 ⁵

274 1229 387 1330 1122·

312 1423 401 1509 Quae
418 1441 491 1502 curn
509 1421 553 1491 ita
568 1421 647 1505 fint,
675 1421 735 1489 effe
754 1419 856 1489 atttem
873 1421 914 1517 ita
935 1418 1005 1488 satis
1023 1421 1155 1490 evitium
1175 1419 1235 1486 eise

273 1601 430 1683 arbitror,
470 1599 555 1684 quir
573 1601 649 1670 mihi
680 1617 743 1669 non
763 1600 942 1668 aisentiatur
966 1601 1126 1682 statuenti,
1145 1599 1239 1684 juris·

270 1780 395 1864 jumndi
419 1778 505 1848 tasutn
528 1782 647 1850 licitum
670 1781 749 1862 effe,
772 1781 913 1865 quamvis
935 1780 1095 1846 hominum
1118 1798 1242 1862 perver-

272 1954 353 2022 srtati
381 1959 448 2043 ejus
479 1961 567 2045 origo
596 1961 635 2029 srt
662 1956 838 2025 tribuenda.
886 1959 957 2024 Nec
983 1957 1053 2041 quis
1072 1959 1147 2024 mihi
1170 1960 1240 2042 jure

270 2091 466 2218 succenseat,
493 2135 518 2202 fi
539 2141 706 2219 multorum
726 2136 907 2219 sententiae,
930 2136 1132 2224 jurisjurandi
1150 2135 1242 2204 usum

273 2317 436 2388 aChristo
454 2314 513 2382 effe
532 2315 660 2386 vetitum
673 2318 886 2402 statuentium,
909 2336 959 2382 me
980 2333 1044 2383 non
1057 2311 1236 2382 adscribam.

270 2497 381 2578 Atque
404 2497 465 2582 jam
489 2515 527 2562 eo
554 2497 696 2581 proceffit
719 2499 921 2583 disceptatioa
951 2513 986 2565 ut
1005 2495 1158 2580 quaestio,
1177 2509 1249 2560 tam-

272 2676 383 2741 acorbe
402 2696 471 2741 cum
491 2677 570 2740 inter
591 2677 697 2743 Patres
713 2674 890 2760 Ecclesiae,
910 2692 978 2742 tum
997 2676 1075 2740 inter
1091 2672 1176 2739 viros
1195 2671 1242 2738 in·

272 2856 365 2939 genio
393 2872 423 2922 et
448 2855 628 2923 eruditionis
653 2799 736 2924 fama
760 2857 935 2941 praeclaros
964 2853 1096 2939 agitnta,
1122 2849 1242 2917 licitum

271 3034 310 3101 fit
340 3034 510 3103 secundum
539 3050 702 3119 praecepta
731 3054 911 3104 cnnrsrr
940 3036 1061 3121 jurare,
1095 3053 1153 3099 nec
1179 3050 1237 3113 nea

271 3211 309 3277 srt
327 3210 548 3295 pertractando.
594 3214 706 3281 Omnis
730 3230 833 3281 autem
856 3216 932 3281 haec
955 3210 1089 3296 quaestio
1113 3212 1151 3278 ad
1175 3208 1238 3290 ioci

272 3391 351 3459 sacri
368 3412 533 3460 marmur
561 3391 605 3457 V.
627 3412 679 3480 33.
700 3393 929 3481 intelligentiam
948 3390 1107 3457 referatur.

313 3571 367 3637 Ab
380 3572 473 3655 hujus
485 3570 548 3635 loci
560 3570 807 3655 interpretatione
820 3592 884 3639 non
896 3592 1004 3656 parum
1026 3569 1145 3649 abfuit,
1166 3566 1242 3647 quin

274 3744 461 3829 opinionum
475 3744 605 3812 varietas
623 3747 844 3829 hominumque
866 3746 1016 3811 diffensus
1037 3765 1087 3811 me
1108 3745 1241 3810 deterre*

271 3942 321 3993 ret
328 3948 343 3993 :⁴
359 3924 431 4008 fed,
453 3940 489 3991 ut
508 3925 547 3991 de
564 3921 701 3991 sermone
725 3922 831 3991 divino
843 3942 944 3989 meam
959 3916 1135 3993 sententiam
1146 3945 1241 4009 expo·

272 4122 368 4185 nam,
389 4124 461 4172 cum
480 4103 609 4173 instituti
626 4103 739 4173 ratioa
756 4124 806 4181 me
824 4106 945 4191 exigere
964 4102 1119 4189 videatur,
1141 4104 1239 4189 illud,

276 4298 427 4367 quantum
447 4280 491 4350 eii
506 4280 595 4351 ntum
612 4285 733 4371 inme,
753 4304 896 4373 peragam
914 4298 948 4358 et
964 4300 1105 4369 exequar.

742 4450 770 4530 B
