3725 5750
548 872 615 954 ‘oe
652 869 979 970 Juneaomuoo.
1211 893 1251 973 ⁶7

262 1105 333 1164 ultr
358 1093 445 1179 quod
463 1095 529 1162 sane
542 1111 649 1176 magna
672 1087 848 1156 difficultate
867 1089 1005 1168 laborat,
1030 1105 1101 1158 eum
1120 1083 1239 1163 uillel-

262 1269 339 1342 limn
370 1274 407 1342 fit
436 1287 534 1340 tantae
560 1270 604 1336 rei
639 1268 836 1356 dijudiceti0,
866 1267 1012 1352 quoniam
1038 1217 1235 1354 saepenume-

265 1468 302 1520 ro
316 1453 363 1520 vis
379 1451 488 1538 judicii
507 1442 695 1517 incredibilis
712 1465 813 1531 pene,
831 1459 862 1512 et
879 1463 1011 1529 praecox
1022 1447 1177 1534 ingenium
1199 1452 1233 1524 lu

263 1633 424 1700 nonnullis
445 1633 582 1710 eluceat,
609 1627 807 1696 inaliisvero
833 1625 943 1692 mentis
964 1628 1101 1712 vigorem
1126 1643 1158 1694 et
1185 1629 1234 1701 fa·

265 1777 1236 1920 cultates,puaeanimumattingunt‚quasssepultasjacenreset

212 2010 215 2050 ὲ
266 1989 417 2058 obsoletas
430 1988 652 2073 deprehendas.
687 1977 772 2052 Dum
785 1979 1142 2070 igiturdifficillimunaest
1155 1939 1237 2074 diju-

212 2192 213 2198 ¹
266 2171 389 2252 dicare,
405 2171 530 2252 quando
537 2179 615 2252 puer
630 2164 675 2232 uti
686 2161 1099 2254 rationeineipiat,illud(ut
1112 2178 1235 2235 enom

266 2351 301 2415 ln
326 2343 370 2432 J.
390 2348 431 2418 B.
456 2363 486 2415 et
510 2349 552 2414 P.
578 2344 619 2412 L.
642 2341 688 2410 ll.
718 2343 755 2410 C.
789 2363 839 2412 11.
865 2345 897 2427 §a
922 2359 956 2433 5.
975 2344 1234 2434 verbaeaeitem)

266 2549 303 2590 ex
315 2523 634 2613 quotidianisadibus,
654 2535 711 2587 utet
727 2524 817 2588 eriam
828 2543 867 2588 ex
880 2545 911 2589 eo
922 2569 935 2606 ,
947 2522 1027 2612 quod
1041 2527 1236 2591 communiter

266 2706 300 2769 ln
322 2725 440 2791 quaque
461 2707 581 2791 regione
605 2699 733 2780 accidit,
759 2698 967 2782 desumendum
988 2701 1041 2784 est.
1075 2731 1124 2756 ·-
1150 2703 1235 2770 Cum

263 2880 378 2967 judieii
398 2880 535 2949 delemus
555 2877 633 2949 tatio
654 2880 709 2977 stt,
732 2894 789 2946 cur
815 2878 854 2945 ad
871 2880 1037 2965 jurandum
1061 2878 1236 2965 impuberes

268 3074 331 3128 non
359 3061 575 3143 admittantur,
600 3052 757 3141 furiosos,
784 3072 941 3127 etmente
964 3077 1074 3145 captos
1097 3080 1114 3129 u
1138 3059 1240 3130 sacra·

271 3256 375 3309 mento
397 3236 502 3309 itidem
524 3239 673 3307 arcendos
684 3239 772 3323 elle,
793 3256 843 3307 tes
863 3238 926 3325 ipsa
946 3241 1098 3323 loquitur.

312 3419 478 3508 Quoslibet
498 3441 592 3501 vero,
615 3418 670 3502 qui
685 3420 804 3504 judicio
825 3420 993 3487 maturiore
1005 3418 1078 3484 sunt
1088 3415 1238 3501 praediti,

271 3616 303 3667 et
321 3602 355 3665 in
379 3618 416 3665 eo
442 3597 618 3679 versantur,
645 3613 680 3665 ut
704 3598 901 3683 jurisjurandi
926 3601 991 3669 vim
1014 3596 1180 3677 moralem,
1207 3604 1239 3661 et

272 3798 359 3860 rem,
382 3796 461 3861 quae
480 3775 517 3842 ad
534 3774 698 3863 jurandum
719 3775 922 3861 proponitur,
944 3776 1126 3845 intelletum
1146 3768 1241 3837 habea

276 3974 329 4027 ant
343 3972 374 4025 et
394 3954 598 4041 perspectam,
614 3955 813 4043 jurejurando
825 3955 855 4025 se
876 3954 961 4042 polle
973 3953 1128 4041 obligare,
1145 3967 1239 4020 nemo

280 4134 370 4203 facile
390 4136 523 4222 negabit.

315 4314 480 4402 jamvero
507 4318 711 4394 inveniuntur
737 4314 846 4405 multi,
874 4313 929 4405 qui
955 4312 1121 4401 affirment,
1147 4309 1245 4395 Redss

718 4486 748 4557 Ε
768 4506 789 4555 2
1188 4488 1254 4541 non
