3725 5750
617 827 658 894 1ο
870 815 1307 887 OBSERVATIONES

616 1024 711 1108 loque
725 1023 795 1106 jure
815 1021 967 1102 sustineri,
989 1042 1080 1090 nemo
1100 1023 1191 1090 facile
1211 1023 1346 1108 negabit.
1393 1021 1482 1108 Quis
1505 1021 1597 1085 enim

615 1198 809 1267 Francilcurn
835 1203 991 1280 Primum,
1023 1199 1269 1285 satelihicotione
1291 1199 1362 1266 satis
1381 1217 1458 1268 nota
1491 1201 1557 1266 sabi
1581 1219 1598 1262 a

613 1373 748 1444 foederis
772 1378 909 1448 servandi
933 1380 1105 1448 neceihtate
1129 1381 1274 1446 liberatus
1301 1379 1489 1461 videretur,
1530 1399 1596 1443 non

614 1558 773 1644 perjurum
796 1561 929 1640 diceret,
950 1559 972 1624 fi
998 1579 1062 1626 non
1081 1560 1120 1624 ab
1138 1558 1195 1624 alia
1206 1573 1293 1642 parte
1318 1557 1452 1624 excusari
1470 1557 1596 1642 pollet.

619 1733 718 1802 Conf.
737 1737 805 1806 {farn
833 1759 975 1806 wnsnnn
1003 1758 1183 1804 scuounuu
1208 1739 1266 1803 Vir
1284 1736 1411 1820 Amph,
1436 1736 1596 1817 idemque

574 1943 577 1947 ·
618 1914 693 1981 mihi
712 1917 922 2000 amicilhmus,
944 1920 976 1984 in
997 1917 1117 2002 egregia
1134 1917 1235 1982 illude
1253 1913 1371 1998 foedere
1391 1913 1596 1982 Madritana
1620 1922 1621 1951 l

617 2093 820 2160 dissertatione
838 2097 987 2182 juridica,
1014 2098 1047 2161 in
1066 2117 1127 2179 qua
1145 2091 1323 2160 eruditionis
1344 2113 1432 2158 uerae
1449 2111 1593 2156 accurri

617 2285 726 2356 taeque
743 2275 842 2342 virum
859 2276 1026 2360 agnoscas,
1048 2275 1125 2362 Cap.
1146 2273 1193 2340 II.
1214 2274 1247 2355 §.
1269 2290 1303 2358 3.

657 2451 734 2518 Non
753 2452 849 2520 solum
867 2457 982 2522 ratione
988 2451 1206 2541 personarum,
1225 2465 1261 2516 ut
1279 2451 1342 2536 jana
1362 2445 1585 2514 demonstravi·

617 2653 706 2716 mm,
727 2653 832 2700 verum
851 2634 942 2700 etiarn
959 2636 1074 2701 rarione
1097 2653 1217 2714 rerum,
1247 2631 1286 2696 de
1311 2627 1425 2712 quibus
1441 2630 1581 2714 juretur,

616 2812 783 2880 reuerentia
803 2813 988 2913 observanda
1008 2815 1065 2881 elle
1084 2813 1215 2879 videtur.
1258 2811 1360 2890 Narn,
1380 2828 1452 2872 cunr
1465 2807 1503 2872 in
1517 2823 1580 2868 orn·

616 2990 649 3056 ni
668 2990 729 3055 vita
747 2990 901 3055 recliihme
922 2992 1145 3074 praecipiatur,
1173 3010 1211 3055 ne
1231 3008 1300 3070 res,
1328 3008 1407 3071 quae
1423 2987 1579 3053 funditate

617 3170 748 3252 quadarn
769 3167 836 3236 sunt
855 3171 1010 3255 munitae,
1029 3151 1146 3239 temere
1161 3169 1379 3249 adhibeantur,
1398 3169 1440 3235 fic
1454 3166 1577 3252 jurisju-

616 3348 702 3416 randi
722 3348 807 3415 usum
825 3350 857 3417 in
875 3351 1007 3417 minimis
1031 3350 1163 3435 negotiis
1186 3348 1359 3434 fugiamus,
1386 3348 1575 3428 maximeque

617 3546 778 3609 curemus,
799 3541 836 3593 ut
851 3528 978 3593 Numen
994 3528 1187 3613 supremum,
1215 3530 1301 3612 quod
1317 3530 1520 3609 invocamus,
1545 3537 1574 3587 et

613 3726 773 3775 vereamur
797 3720 828 3773 et
853 3706 1025 3791 diligamus.
1049 3709 1144 3795 ,Pleni
1166 3709 1235 3776 sunt
1259 3708 1513 3791 Philosophorum
1537 3704 1570 3769 li·

615 3885 682 3966 liri,
704 3888 810 3969 plenae
828 3887 1008 3971 sapientium
1031 3908 1145 3970 voces,
1173 3908 1250 3971 quae
1277 3902 1424 3954 atemere
1439 3883 1565 3971 jurando

615 4062 759 4127 mortales
784 4080 929 4147 arceant3
965 4080 995 4131 et
1019 4068 1098 4132 recle
1121 4066 1295 4150 praecipere
1320 4068 1487 4147 videntur,
1522 4060 1570 4146 qui

616 4254 761 4325 monent,
789 4242 821 4310 in
845 4246 1007 4329 pecuniola
1026 4260 1078 4313 aut
1103 4267 1135 4313 re
1153 4247 1279 4317 naiuorIs
1297 4247 1466 4331 momenti,
1486 4258 1565 4313 omne

1503 4412 1564 4496 jus·
