3725 5750
464 819 472 838 '
564 837 626 950 ne
664 833 990 922 Juamunnuno.
1203 853 1262 932 2„

295 1049 478 1131 concipere,
507 1043 602 1112 Vidd.
623 1062 818 1114 raarusn.
832 1056 873 1108 et
893 1060 1053 1111 autea.
1076 1045 1116 1112 ad
1136 1067 1257 1121 aton.

297 1226 364 1309 W,
386 1225 421 1307 I,
442 1246 475 1310 4.
500 1223 583 1290 conf.
607 1242 757 1291 conatus
780 1221 820 1288 ad
841 1240 1046 1289 statuar.
1068 1225 1160 1295 Catii.
1184 1230 1261 1318 Cap.

297 1423 350 1472 aa.
374 1402 447 1489 (*).
489 1405 535 1469 Ita
556 1403 647 1470 etiam
668 1403 770 1471 medio
791 1421 868 1470 aevo
889 1402 1020 1487 Scythas
1047 1377 1282 1492 imitabantur,

298 1587 426 1672 (Frater
446 1582 601 1668 d'armer)
626 1599 697 1646 cum
718 1577 831 1647 foedus
851 1577 961 1648 sociale
980 1581 1149 1667 sancirent,
1176 1601 1208 1652 et
1227 1591 1267 1656 ab

301 1778 434 1846 utraque
459 1779 544 1846 parte
577 1759 752 1844 sanguinem
780 1759 950 1826 ebiberent.
998 1762 1074 1828 Vid·
1102 1783 1267 1836 uranon

302 1942 384 2024 Hast.
408 1942 488 2010 Gall.
510 1943 547 2008 T.
574 1941 598 2011 Ι.
609 1957 648 2026 p·
674 1939 747 2026 380.
790 1939 843 2008 Ad
865 1940 991 2010 eandem
1011 1943 1159 2011 rationem
1186 1949 1270 2032 apud

301 2121 473 2198 Siamenses
493 2120 587 2192 hodie
609 2119 771 2186 amicitiam
791 2123 1031 2204 contrahentes,
1060 2136 1096 2188 ut
1117 2143 1155 2191 eo
1176 2127 1273 2194 firmi·

301 2321 342 2365 us
366 2314 398 2364 et
419 2295 602 2378 arctioribus
625 2300 707 2380 quast
734 2300 867 2370 vinculis
887 2299 966 2366 istud
987 2299 1136 2368 amicitiae
1157 2303 1272 2374 foedus

303 2492 473 2559 nectatur,
513 2475 629 2543 amicus
663 2478 751 2544 amici
783 2479 961 2566 sanguinem
994 2422 1144 2565 degustat.
1190 2485 1266 2551 Vid.

304 2661 539 2744 n'ottvtnra
574 2657 654 2740 Ha'st.
681 2658 731 2725 des
756 2658 858 2725 dier.
888 2659 987 2758 Peap.
1016 2659 1058 2724 du
1084 2658 1210 2732 Mende.
1237 2663 1274 2735 Τ.

301 2841 332 2911 Ι,
352 2857 394 2929 p.
424 2838 517 2926 486.·
547 2837 734 2925 Quicunque
761 2837 854 2924 hujus
883 2837 979 2913 moris
1012 2837 1160 2931 originem
1186 2841 1274 2908 inda·

307 3042 378 3107 gare
401 3022 493 3105 velit,
514 3018 691 3101 sententiam
710 3019 832 3088 fortaffe
853 3019 1042 3104 probabilem
1055 3019 1180 3087 reddere
1199 3041 1276 3105 pos·

227 3268 229 3273 a
306 3202 363 3286 stt,
388 3222 458 3269 cum
481 3226 498 3271 a
520 3200 687 3271 detestabili
700 3200 905 3281 immanitate,
928 3218 991 3281 qua
1001 3200 1099 3265 homo
1110 3148 1269 3270 hominem

300 3378 385 3451 Deis
405 3382 610 3465 sacrificabat,
632 3380 712 3468 (¹⁸¹⁶)
734 3382 816 3449 illam
837 3378 983 3447 deducat.

379 3644 381 3653 y
755 3548 812 3631 15
1196 3547 1278 3611 Cum

308 3714 363 3800 θ)
384 3712 436 3779 Ab
456 3711 598 3798 ejusmodi
613 3710 811 3798 conjuratione
825 3709 1029 3794 distinguatur
1056 3711 1203 3787 militum,
1228 3676 1279 3781 ur·

348 3818 411 3887 qua
420 3794 465 3861 ad
477 3800 701 3862 internecionem
716 3792 814 3879 supro
824 3798 929 3878 patria
944 3794 1135 3858 dimicaturas
1144 3839 1155 3869 ,
1165 3794 1278 3876 juran-

351 3884 429 3945 tium
450 3882 547 3955 ritus,
570 3882 624 3963 qui
645 3876 818 3941 con'urntio
835 3875 1013 3956 dicebatur,
1033 3874 1277 3961 quemadmodum

352 3964 435 4029 docet
462 3980 615 4027 ventor.
643 3897 724 4041 Hid.
745 3960 796 4025 des
823 3960 931 4026 Reual.
955 3959 991 4025 de
1019 3960 1050 4025 ia
1077 3958 1158 4043 Rep.
1184 3960 1276 4032 Ram.

354 4044 393 4109 T·
416 4044 444 4109 l·
461 4060 497 4132 1>-
521 4044 593 4131 348·
1155 4084 1163 4091 ¹

312 4206 384 4292 (**)
406 4208 567 4295 Pleraeque
586 4212 653 4276 adim
675 4215 808 4277 nationes
829 4210 998 4288 barbarae,
1026 4207 1105 4275 Deus
1129 4208 1277 4295 &nguine

352 4292 478 4357 bumana
502 4294 660 4377 placandas
680 4291 753 4378 effe,
781 4292 1002 4372 existimarunt.
1053 4294 1102 4357 Sic
1132 4295 1278 4359 Germani

353 4372 513 4467 Mercurio
524 4375 672 4446 bominum
686 4374 841 4461 fiecrbitia
861 4373 1034 4461 afirebaat.
1070 4375 1143 4448 Vid.
1158 4392 1282 4520 md}
