3725 5750
621 789 664 858 16
892 773 1330 849 OBSERVATIONES

608 1010 741 1072 rerum,
754 1005 832 1072 quae
850 1004 991 1056 antemos
1011 989 1095 1056 neme
1112 987 1203 1070 sont,
1224 988 1491 1072 perciperemus,
1525 1005 1575 1054 ut
1594 989 1626 1054 fi-

620 1174 710 1250 dem,
730 1167 933 1252 probitatem,
960 1186 991 1237 et
1009 1169 1153 1250 antiquos
1174 1166 1332 1252 Majorum
1355 1189 1468 1235 mores
1503 1187 1620 1234 aemu-

620 1350 771 1428 laremur,
791 1349 941 1430 pecuniae
959 1349 1082 1416 nimiam
1101 1348 1297 1432 cupidinem,
1316 1348 1446 1428 luxum,
1470 1349 1615 1430 perfidi

623 1550 672 1596 am
693 1526 865 1612 praesertim
886 1548 987 1614 angue
1012 1529 1103 1614 pejus
1127 1541 1159 1592 et
1176 1547 1251 1594 eane
1269 1524 1466 1610 fugeremus!
1480 1564 1626 1624 ''¹'‘;

625 1707 727 1774 sedin
748 1706 842 1773 viam.

661 1841 732 1973 Jam
751 1905 827 1952 vero
848 1887 996 1972 quoniam
1019 1887 1166 1971 perfidia,
1200 1905 1255 1970 per
1277 1903 1380 1952 mores
1407 1883 1602 1968 depravatos

621 2068 656 2134 in
677 2066 743 2131 dies
751 2025 990 2148 ingravescens,
1012 2065 1146 2132 remedio
1163 2067 1298 2150 quodam
1317 2062 1455 2146 indigere
1466 2063 1597 2130 videbe·

625 2259 699 2324 tur,
720 2261 785 2327 quo
806 2246 909 2326 generi
929 2245 1064 2310 humano
1086 2242 1329 2328 perniciosrffime
1341 2242 1589 2326 restringeretur,

625 2423 744 2490 nudum
765 2422 918 2490 efficacius
945 2445 984 2490 ne
1006 2423 1079 2508 fingi
1101 2437 1153 2490 aut
1177 2422 1305 2507 cogitari
1324 2421 1448 2507 quidem
1468 2421 1588 2505 potuit,

627 2621 720 2687 quam
737 2602 832 2685 iilud,
853 2602 939 2688 quod
958 2601 1092 2670 consistit
1108 2603 1140 2670 in
1156 2601 1374 2688 jurejurando,
1391 2621 1455 2686 quo
1473 2601 1511 2666 ad
1537 2601 1586 2666 ad·

625 2781 827 2865 stringendum
847 2781 940 2846 iidem
957 2783 1074 2848 nulium
1093 2782 1252 2850 vinculum
1271 2781 1383 2847 meiius
1400 2780 1456 2846 effe
1474 2779 1581 2862 potesta

573 2944 577 2954 ’
629 2958 704 3022 Vid.
725 2976 808 3023 crc.
829 2957 867 3023 de
883 2956 969 3043 Offic.
983 2958 1044 3025 Ill.
1065 2980 1117 3047 31.
1134 2982 1198 3045 quo
1210 2962 1266 3049 (ut
1279 2960 1482 3027 definitionem
1496 2961 1580 3044 supra

628 3151 824 3201 memoratam
843 3136 1037 3223 repetamus)
1055 3139 1142 3207 Deus
1161 3140 1240 3223 testis
1260 3144 1412 3227 veriloquii
1432 3157 1459 3208 et
1475 3140 1577 3205 vindex

527 3398 534 3412 ,
620 3302 783 3403 fidihquii
809 3319 985 3399 invocatur,
1003 3258 1107 3398 ¹atque
1134 3320 1210 3385 adeo
1230 3336 1294 3383 non
1316 3319 1411 3402 judex
1435 3320 1575 3385 humanus

629 3469 723 3587 quis,
743 3494 795 3561 sed
813 3492 911 3576 ipsum
929 3496 1056 3561 Numen
1067 3494 1240 3578 supremum
1254 3496 1364 3563 vindex
1377 3498 1572 3577 constituitur,

628 3688 660 3741 et
677 3672 800 3742 futurae
820 3696 857 3743 ee
869 3673 1065 3759 sempiternae
1077 3694 1194 3759 poenae
1213 3691 1298 3743 metu
1319 3674 1421 3760 religio
1440 3676 1488 3743 ista
1505 3696 1574 3743 con·

628 3850 788 3921 firmatur:
824 3856 866 3921 src
892 3856 976 3922 enirn
1002 3856 1143 3922 homines
1170 3854 1209 3921 ad
1235 3854 1410 3957 seruandam
1433 3854 1509 3921 fidem
1538 3877 1571 3923 eo

531 4134 536 4137 -
618 4029 742 4115 firmius
760 3998 990 4121 adstringuntur
1017 4050 1096 4101 metu
1117 4031 1216 4100 divini
1241 4030 1387 4103 Numim's
1407 4034 1524 4121 omniscii
1542 4050 1569 4103 et

595 4198 856 4298 “omnpotentm
885 4215 971 4303 cujus
1000 4212 1160 4281 vindieiam
1180 4230 1241 4301 per
1260 4214 1469 4304 josjrerandum
1493 4212 1571 4297 inse
1614 4218 1626 4241 ²

1519 4382 1563 4452 io·
