3725 5750
415 961 427 978 .
531 865 593 932 ne
630 833 963 951 erurunanoo‘
1192 881 1231 948 a,

245 1076 481 1163 jusjurandum
501 1070 558 1138 effe
579 1070 770 1156 fugiendum.
812 1073 935 1159 Dignae
948 1074 1017 1144 sane
1037 1078 1129 1162 sunt,
1152 1096 1235 1166 quae

254 1257 431 1338 legantur,
464 1249 598 1336 ipsorum
627 1250 763 1318 virorum
793 1254 1006 1323 excellentium
1038 1257 1229 1350 sententiae,

242 1435 313 1530 ‚sed
334 1454 398 1518 quo
420 1432 523 1498 minus
541 1431 608 1498 ilias
628 1431 817 1512 excitemus,
837 1430 913 1498 facit
925 1433 1082 1521 diligentia
1101 1460 1233 1512 uuoo-
1314 1429 1317 1438 ’

249 1635 333 1683 ms
356 1635 470 1685 aaa,
477 1636 531 1698 η,
552 1610 607 1696 qur
628 1588 791 1694 plerasque
802 1610 940 1678 nutavit
963 1615 1131 1681 adnant.
1147 1619 1230 1704 cap.

255 1795 308 1860 V.
333 1813 381 1860 va
400 1812 452 1881 33.
495 1795 540 1861 Et
560 1789 722 1877 profecto,
743 1791 766 1858 ii
787 1811 896 1858 omnes
913 1793 1055 1860 homines
1075 1794 1234 1864 dirripiu-

254 1973 346 2040 lortis
366 1992 518 2040 memores
537 1971 657 2054 semper
676 1967 820 2052 fuissent,
840 1991 873 2035 aa
893 1984 1048 2058 nomm
1066 1964 1235 2062 drudam

207 2153 210 2193 ἵ
250 2152 364 2236 nasci,
386 2173 452 2220 non
470 2167 520 2219 tot
540 2151 720 2218 temeritatis
740 2151 772 2218 in
794 2171 832 2219 eo
851 2170 962 2238 genere
982 2153 1119 2236 exempla
1140 2175 1230 2240 repo·

252 2334 401 2402 rirentur
420 2347 544 2414 tamque
564 2331 701 2418 insignia.
741 2331 823 2398 Bene
844 2332 938 2418 igitur
946 2330 1057 2416 Pythia
1070 2332 1230 2402 Lacedae«.-

252 2512 378 2580 moniis
399 2511 622 2595 praecipiebat,
643 2511 752 2578 melius
777 2510 864 2593 fore,
885 2509 909 2578 st
930 2513 974 2578 ita
999 2513 1136 2581 afflones
1160 2513 1231 2584 suar

252 2691 299 2758 ad
323 2690 454 2758 iustitiae
475 2697 505 2758 et
525 2691 596 2762 fidei
616 2712 756 2760 normam
778 2689 952 2775 exigerent,
973 2704 1011 2756 ut
1031 2689 1232 2778 jurisjurandi

252 2871 417 2942 medicina
438 2891 504 2940 non
531 2870 712 2956 indigerent.
761 2871 810 2941 Ita
829 2868 969 2937 Herculi.
987 2870 1098 2941 honori
1123 2870 1230 2957 fuiiie,

256 3054 344 3135 quod
373 3053 465 3121 semel
492 3052 638 3119 duntaxat
659 3052 692 3119 in
711 3052 776 3119 vita
794 3050 938 3137 juraiset,
965 3052 1105 3122 observat
1131 3072 1228 3122 rnu-

259 3250 465 3300 rnncrrus
487 3229 617 3324 Quaest.
638 3230 729 3299 Rom.
743 3231 796 3299 28.
841 3228 921 3313 Sed,
943 3250 1015 3299 eum
1032 3250 1135 3299 morer
1150 3229 1229 3299 adeo

257 3408 320 3476 srnt
341 3410 501 3493 corrupti,
527 3424 564 3477 ut
584 3374 801 3504 saepenumero
819 3409 1058 3497 jusjurandum,
1083 3422 1232 3491 tanquam

255 3590 409 3673 perfidiae
429 3588 582 3652 humanae
601 3588 789 3673 remedium,
811 3588 1010 3672 adhibeatur,
1030 3588 1150 3655 neceffe
1176 3584 1234 3669 iit,

257 3764 420 3835 interdum
449 3761 623 3832 cavendum
649 3762 711 3846 est,
737 3782 778 3831 ne
805 3777 918 3831 temere
943 3765 984 3831 ad
1009 3765 1084 3831 illud
1105 3762 1235 3831 acceda-

257 3960 413 4028 .mus„et
438 3943 553 4032 judicis
578 3944 720 4031 inprimis
746 3940 791 4011 est
824 3960 954 4025 curare,
979 3963 1020 4011 ne
1044 3945 1078 4013 in
1095 3944 1234 4033 Judicio,

261 4124 319 4191 ubi
341 4126 380 4193 de
400 4124 568 4195 commodo
589 4124 646 4195 suo
669 4124 789 4211 agitur,
810 4122 901 4197 facile
922 4125 994 4214 quis
1013 4126 1050 4195 ad
1068 4126 1235 4214 jurandum

268 4302 455 4375 admittatur.

720 4468 754 4547 Ε
1054 4533 1056 4536 .
1143 4468 1237 4538 Prae·
