3725 5750
630 868 679 926 ιο
895 839 1335 926 onbbnvn'rronns

636 1068 736 1137 tando
756 1063 866 1149 inesse3
888 1065 1042 1150 praeterea
1063 1073 1127 1133 it'on
1153 1061 1333 1152 ignombat,
1351 1061 1507 1132 'foimulas
1538 1066 1629 1152 ipsas

639 1265 660 1341 q
689 1243 782 1310 rebus
807 1242 960 1310 desumtas
986 1245 1076 1311 tacite
1104 1245 1142 1312 ad
1168 1244 1270 1310 Deum
1296 1243 1421 1326 referri,
1446 1261 1548 1328 atque
1575 1249 1620 1311 ita

641 1420 859 1506 saepenumero
891 1423 1083 1510 perjurium,
1118 1423 1320 1508 gravissimum
1354 1423 1431 1488 iilud
1465 1421 1620 1504 ¹crimen,
1652 1427 1653 1442 ¹

643 1601 805 1669 committi.
848 1601 933 1688 Quid
956 1601 1071 1688 igitur?
1099 1602 1264 1686 depravato
1291 1600 1364 1667 huie
1386 1604 1464 1668 mori
1486 1601 1618 1668 frenum

643 1781 730 1846 velut
749 1779 868 1866 imponi
888 1801 906 1848 e
925 1803 960 1850 re
979 1781 1046 1850 fore
1065 1779 1242 1860 visundi,
1264 1793 1356 1862 atqne
1377 1779 1453 1846 odeo
1477 1779 1612 1866 jesus

643 1955 701 2026 οὶ)
717 1970 774 2026 τ.’
803 1981 914 2028 unx.
962 1963 1089 2030 omnino
1129 1962 1185 2046 lits
1218 1957 1417 2045 jurisjurandi
1462 1956 1615 2024 formulas

646 2138 817 2222 prohibuit.
878 2137 974 2225 Quod
1013 2139 1036 2207 fi
1067 2140 1262 2208 observemus
1294 2157 1365 2207 eum
1396 2157 1454 2232 nn
1470 2153 1612 2205 rusto

648 2314 821 2387 Exercitae.
833 2332 870 2404 pr
892 2335 970 2403 27„
995 2318 1064 2402 post
1082 2313 1154 2388 noc
1174 2320 1322 2404 punitum
1349 2317 1512 2384 delendum
1533 2317 1608 2398 eise,

647 2514 712 2560 non
737 2493 896 2577 possumus
915 2516 979 2562 non
1001 2496 1149 2581 statuere,
1172 2519 1420 2581 cnnrsrun,
1442 2497 1465 2564 st
1486 2517 1518 2562 re
1541 2505 1609 2562 vent

646 2675 744 2758 legem
766 2675 900 2742 divinam
922 2677 1068 2761 abrogare
1086 2681 1245 2763 voluisset,
1267 2680 1419 2746 diciorum
1440 2675 1545 2756 fuisse,
1577 2696 1609 2739 ne

647 2851 749 2921 iurare
768 2857 882 2922 ornnino
900 2878 993 2943 neque
1004 2875 1064 2945 per
1088 2859 1188 2927 Deum
1215 2882 1308 2949 neque
1319 2871 1378 2945 ‘per
1393 2860 1526 2937 'coelum
1548 2870 1605 2920 ete.
1652 2847 1653 2870 ³

643 3026 712 3113 Jam
732 3048 825 3109 vero,
848 3051 920 3098 cunr
946 3034 1023 3101 iilud
1047 3037 1198 3119 omiserit,
1220 3036 1422 3121 plurimorum
1463 3036 1610 3119 Interpre-

647 3220 743 3287 turn,
770 3226 969 3295 praeceptum
998 3213 1115 3282 Christi
1148 3216 1187 3282 ad
1220 3216 1368 3283 formulas
1398 3216 1607 3297 referentium,

648 3383 832 3469 sententiae,
853 3391 985 3458 nostram
1003 3394 1171 3463 adscribere
1192 3396 1269 3462 nulli
1282 3395 1470 3463 dubitamus.
1511 3396 1554 3463 Et
1567 3395 1606 3461 sa-

640 3585 709 3647 ne,
728 3566 928 3655 jurisjurandi
948 3570 1070 3641 usume
1092 3573 1214 3641 civitate
1236 3575 1314 3641 ben'e
1329 3576 1491 3644 constitura
1508 3580 1608 3645 tollere
1652 3606 1653 3609 ¹

650 3766 875 3813 cnnrsrun
894 3749 1019 3819 minime
1041 3754 1168 3821 voluisse
1189 3756 1415 3822 contendimus.
1448 3756 1608 3845 Quomodo

652 3924 733 3989 enirn
755 3925 821 3991 fieri
841 3928 959 4012 posset,
980 3946 1016 3997 ut
1033 3934 1102 4015 ille,
1125 3932 1179 4017 qui
1192 3932 1230 3998 de
1249 3933 1278 3999 se
1291 3936 1353 4021 ipse
1364 3938 1487 4004 testetur
1496 3955 1541 4004 vs.
1558 3901 1614 4023 17.v
1652 4000 1653 4017 1

649 4102 679 4167 se
698 4124 761 4171 non
776 4106 906 4190 veniise3
927 4125 1121 4197 aaronem,
1133 4112 1222 4179 rinno
1234 4128 1386 4205 nurgum
1403 4142 1448 4185 roe
1459 4137 1550 4209 νομαν,
1570 4118 1608 4182 le-

647 4301 716 4366 gent
741 4284 803 4351 Dei
826 4286 926 4374 (quae
947 4290 1043 4360 Deut.
1068 4293 1125 4361 VI.
1152 4312 1190 4381 13
1212 4294 1343 4382 legitur)
1371 4312 1403 4365 et
1429 4300 1545 4366 alteram
1577 4297 1612 4362 il-

1541 4464 1616 4548 bn,
