3725 5750
460 817 511 947 ι’
567 844 630 914 na-
666 839 1011 932 Junerunruno.2
1225 855 1270 941 a,

296 1061 451 1130 moralem
474 1051 724 1134 demonstrarem,
745 1051 834 1119 facile
848 1054 978 1138 colligit.
1021 1053 1105 1124 Cum
1113 1057 1181 1144 jam
1191 1060 1273 1130 obli·

298 1237 458 1322 gationem
478 1233 660 1314 trailemus,
672 1233 818 1302 memoria
829 1233 1003 1316 replicanda
1018 1234 1089 1302 suut
1105 1236 1176 1321 illu,
1189 1258 1273 1324 quae

299 1413 423 1498 supraa
440 1413 533 1480 nobis
545 1412 577 1480 in
589 1412 725 1480 medium
746 1412 951 1522 prolatasunt.
993 1417 1170 1499 Nimirum,
1186 1417 1273 1488 affir-

301 1596 471 1662 mationem
483 1592 650 1680 religiosam
665 1589 753 1658 limul
765 1591 1272 1678 enamprovocatioaemvindioae

218 1829 221 1833 .
305 1769 1275 1862 divinaecontinere,tumejusdemhancelsevim‚ut,nilipet·
1378 1754 1380 1757 ¹

216 1975 226 1982 ⁶
305 1951 403 2022 feriae
424 1958 532 2025 aetatis
548 1911 669 2032 bomo,
687 1950 725 2018 ad
746 1951 822 2018 illud
834 1949 1054 2020 sacramentum
1066 1954 1275 2025 admittendus

216 2187 221 2195 .
306 2130 363 2214 fit,
385 2152 501 2217 porro,
522 2151 624 2214 neque
644 2129 718 2199 illud
736 2126 972 2214 saepenumero,
992 2143 1025 2198 et
1043 2132 1076 2198 in
1095 2135 1277 2216 quoviane-

309 2313 397 2396 gotio
418 2311 651 2396 praestandum,
680 2330 801 2378 ornnem
821 2309 954 2394 denique
975 2324 1008 2378 et
1027 2312 1277 2398 qualemcunque

308 2490 543 2560 reservationem
566 2493 762 2562 omittendam
784 2490 862 2573 else,
879 2490 985 2559 habita
1001 2493 1187 2560 reverentiae
1204 2495 1274 2562 Deo
1373 2539 1376 2542 -

310 2670 433 2738 debitae
455 2669 589 2754 ratione3
610 2671 686 2740 haec
706 2671 801 2758 igitur
819 2669 990 2756 (quantum
1006 2672 1044 2738 ab
1057 2672 1171 2757 ingenii
1189 2687 1280 2742 tenu·

308 2851 383 2919 itate
403 2850 551 2935 postulari
570 2851 689 2939 potest)
710 2848 998 2921 demonstravimus.
1039 2851 1129 2941 Quae
1149 2849 1171 2919 sr
1192 2871 1279 2921 men·

309 3046 339 3097 te
365 3034 630 3130 contemplemur,
658 3030 801 3101 facillimo
825 3030 986 3115 profesto,
1012 3032 1058 3099 rei
1082 2981 1276 3103 santulumae

315 3211 529 3299 obligationem
552 3227 583 3280 et
601 3212 766 3280 efficaciam
787 3228 851 3277 non
868 3210 1028 3295 exiguam,
1049 3214 1197 3281 imovero
1209 3234 1279 3300 gra·

314 3388 457 3457 viffimam
479 3391 557 3475 elle,
572 3392 794 3478 intelligemus.
836 3390 974 3459 Primum
996 3390 1136 3457 omnium
1155 3391 1281 3473 quidem

314 3567 353 3632 de
371 3566 568 3649 quaestione,
589 3589 667 3653 quae
687 3584 825 3635 naturam
847 3569 1043 3655 obligationis
1063 3569 1206 3655 attingit,
1227 3567 1283 3633 ali·

314 3744 393 3829 quid
414 3742 580 3812 dicendum
599 3746 654 3813 ell.
695 3745 732 3813 ln
754 3762 815 3827 qua
832 3743 1049 3814 consideranda
1069 3746 1188 3813 animos
1197 3746 1283 3815 viro·

313 3938 383 3991 rum
404 3923 596 3993 eruditorum
617 3924 651 3993 in
672 3922 840 3993 contrarias
860 3923 1024 3993 sententias
1047 3925 1176 3994 distrahi
1195 3946 1283 3995 com·

316 4088 469 4172 perimus,
491 4108 563 4157 curn
583 4091 724 4161 nonnulli
745 4112 857 4161 novam
875 4092 1102 4179 eiurejurando
1118 4093 1281 4181 obligatio-

314 4284 409 4353 nem,
429 4270 609 4345 alii-«contra
628 4294 713 4345 novo
734 4287 853 4347 tantum
873 4273 1002 4346 vinculo
1022 4270 1203 4347 adſtructam
1220 4275 1285 4345 ori-

765 4440 836 4547 Ὲρ
1257 4436 1286 4506 ri
