3725 5750
597 825 659 904 DE
694 823 1024 956 JuouuRAuuu
1258 857 1301 928 rr

326 1054 414 1112 terea
435 1063 526 1126 cum,
548 1043 570 1109 sr
593 1043 726 1128 aliquid,
748 1045 816 1112 Deo
837 1041 912 1112 teste
933 1044 1091 1128 adhibito,
1112 1043 1297 1134 affirmetur,

327 1225 412 1291 nulla
440 1225 497 1290 alia
523 1243 555 1288 re
581 1224 678 1310 magis
706 1223 901 1290 adducantur
932 1224 1074 1292 homines
1100 1225 1141 1294 ad
1167 1227 1299 1296 creder-

323 1401 420 1484 dum,
442 1421 535 1485 quum
556 1401 579 1468 fi
600 1404 693 1470 talem
714 1395 893 1487 religionem
914 1403 1013 1472 adesse
1032 1405 1196 1490 noverint,
1217 1405 1296 1478 rrihss

318 1595 386 1648 tam
408 1582 524 1663 amori,
545 1599 609 1663 quo
630 1581 724 1646 homo
743 1581 862 1648 homini
885 1581 1105 1667 conjungitur,
1123 1598 1293 1669 repugnet,

318 1773 415 1841 quam
433 1760 560 1826 alterum
581 1759 637 1827 sub
657 1759 757 1844 specie
776 1761 984 1828 affirmationis
1005 1757 1158 1843 religiosae
1169 1761 1295 1846 decipe·

316 1957 368 2020 re,
395 1958 459 2022 quo
480 1939 556 2006 nihil
577 1938 674 2022 mugis
696 1940 733 2004 ab
753 1935 861 2006 officio
880 1936 1014 2004 hominis
1031 1941 1123 2023 probi
1135 1953 1288 2008 remotum

319 2118 384 2186 esse
412 2119 555 2183 arbitror.
583 2151 633 2170 ·-
655 2115 759 2198 Atque
779 2135 849 2182 curn
875 2117 916 2183 ita
935 2116 1029 2183 fimus
1046 2120 1233 2203 comparati,
1255 2131 1292 2188 ut

317 2298 438 2380 semper
458 2295 561 2364 salutis
580 2294 696 2362 nostrae
712 2295 858 2362 rationem
885 2296 1075 2379 habeamus,
1098 2296 1173 2364 nihil
1191 2289 1312 2383 magis

317 2491 429 2544 eontra
455 2476 593 2544 officium
617 2473 672 2555 srr,
699 2494 810 2557 quam,
838 2492 912 2540 cum
936 2473 1102 2542 vindistam
1129 2471 1286 2558 divinam,¹

317 2660 354 2722 ac'
378 2675 508 2740 poenam
528 2653 724 2742 gravissimam
738 2671 866 2735 eamque
879 2653 1114 2736 sempiternam,
1134 2616 1288 2736 provoce-

311 2829 375 2918 ris,
405 2827 429 2903 sr
455 2829 544 2903 ureris
565 2849 629 2901 non
646 2829 818 2915 constares,
846 2831 1003 2919 religionis
1023 2832 1185 2903 vinculum
1204 2848 1285 2898 cou·
1362 2836 1364 2839 ’

313 3029 464 3083 ῑΕΠῙῙΙΕΓΘ.

343 3196 442 3283 Quae
466 3215 538 3261 cunr
557 3196 599 3261 ita
617 3194 646 3261 se
663 3195 815 3277 habeant,
839 3194 883 3263 src
902 3197 979 3264 mihi
994 3190 1143 3281 persuasi,
1163 3190 1283 3279 obliga·

311 3368 448 3455 tionem,
469 3394 548 3456 quae
570 3395 588 3440 a
603 3374 803 3461 iureiurando
819 3374 1050 3462 proficiscitur,
1067 3374 1126 3441 esse
1137 3383 1284 3456 perpetu·

311 3570 381 3630 am,
404 3551 548 3631 nullaque
569 3550 686 3615 ratione
704 3553 804 3618 virum
823 3556 943 3621 bonum
964 3556 1024 3622 esse
1044 3549 1285 3627 adducendum,

309 3729 348 3792 ad
372 3728 465 3795 iidem
486 3726 670 3809 fallendam,
697 3727 874 3813 semperque
895 3744 926 3795 et
947 3731 980 3796 in
1001 3731 1086 3819 omni
1107 3726 1195 3794 causa
1214 3744 1284 3817 me·

297 3905 407 3973 *moria
434 3907 493 3975 esse
521 3906 740 3991 repetendum,
777 3908 906 3975 Numen
931 3908 1108 3994 supremum
1134 3906 1282 3992 perfidiae

310 4100 426 4164 poenas
446 4088 624 4172 exposcere.
648 4090 765 4155 Verum
787 4087 868 4153 enim
881 4106 975 4172 vere,
996 4100 1067 4155 cum
1088 4088 1222 4155 animum
1236 4084 1277 4153 ad

307 4260 389 4331 uitae
410 4264 559 4364 humanae
580 4269 728 4337 rationem
748 4267 910 4355 conseras,
932 4288 1024 4354 quarn
1045 4268 1139 4353 pauci
1159 4264 1300 4337 iuveni-·

1217 4446 1271 4494 un·

762 4524 767 4557 r
