3725 5750
597 853 645 936 ,ι
874 835 1312 918 nuscuvaaronns

603 1071 724 1135 vetent,
749 1048 907 1118 umverius
927 1049 1067 1158 Populus
1093 1051 1190 1118 Rom.
1219 1049 1445 1132 sacamentum
1478 1065 1580 1120 ratum

602 1205 660 1302 effe
686 1229 833 1298 decrevit.
881 1225 1046 1312 Nondum,
1068 1231 1151 1298 enim
1164 1242 1202 1294 ut
1215 1227 1336 1312 egregie
1357 1228 1447 1300 addit
1471 1248 1583 1299 ttvr·

601 1429 672 1492 us,
692 1410 785 1492 baec,
805 1429 884 1498 quae
897 1424 1070 1478 nunetenet
1083 1409 1244 1494 seruiunt,
1262 1413 1455 1500 negligentia
1475 1414 1582 1480 Deum

601 1603 746 1668 marm
767 1608 819 1654 nec
838 1587 1058 1675 interpretando
1074 1587 1132 1674 sstt
1159 1595 1284 1680 quisquc
1300 1592 1536 1679 jusjurandum
1558 1590 1581 1654 ei

602 1767 679 1855 teges
699 1781 786 1854 optat
803 1765 958 1854 faciebat,
980 1767 1039 1850 sed
1054 1764 1126 1852 ficos
1144 1771 1248 1854 potius
1278 1791 1368 1840 moret
1391 1773 1436 1840 ad
1466 1795 1512 1841 ea
1535 1789 1585 1837 ac·

604 1946 819 2014 commodabat.

645 2126 753 2192 Itidem
782 2123 814 2190 in
840 2122 965 2190 foedere
991 2143 1101 2192 omnes
1126 2125 1348 2210 exceptiones,
1380 2138 1464 2210 quae
1493 2127 1579 2192 hane

603 2301 645 2370 ob
664 2301 782 2368 causam
812 2299 882 2368 sunt
906 2303 1091 2388 opposrtae,
1112 2319 1150 2370 ut
1179 2320 1373 2390 rumperetur
1395 2303 1454 2372 sub
1477 2306 1576 2390 specie

604 2480 735 2564 quadan
750 2481 901 2566 iustitiae,
924 2502 997 2549 cum
1017 2481 1275 2591 ¹reformationibus
1302 2485 1493 2566 convenire,
1519 2483 1573 2549 mi·
1618 2492 1619 2537 i

605 2663 638 2728 hi
671 2683 742 2730 vere
774 2662 875 2729 dicere
905 2663 1023 2728 videor.
1079 2662 1377 2747 Carthaginienses,
1418 2656 1482 2746 (ut
1514 2663 1567 2727 hoc
1618 2682 1619 2685 ¹

603 2843 692 2929 utar)
720 2861 790 2909 cum
819 2841 931 2909 bellum
960 2860 1014 2909 eos
1041 2840 1119 2909 inter
1146 2855 1178 2909 ct
1203 2843 1365 2910 Romanos
1388 2840 1457 2928 jam
1486 2841 1515 2907 in
1535 2853 1566 2906 eo

605 3020 695 3103 esset,
717 3036 753 3087 ut
774 3018 1000 3099 exardesceret,
1013 3016 1073 3105 (*)
1096 3020 1267 3105 Saguntum
1285 3024 1354 3107 jure
1366 3026 1406 3090 ab
1417 3020 1565 3090 Annibale

604 3200 776 3287 oppugnari
798 3198 1045 3279 contendebant,
1066 3200 1158 3283 quia,
1180 3220 1252 3267 cum
1265 3200 1376 3268 foedus
1388 3204 1482 3290 (quo
1499 3199 1565 3267 utri·

602 3400 702 3467 usque
720 3380 828 3467 populi
845 3379 936 3447 sociis
954 3380 1135 3467 caveretur)
1157 3382 1420 3493 componebatur,
1452 3385 1561 3465 Sagun·

604 3563 662 3631 tini
682 3562 820 3629 nondum
841 3573 928 3625 erant
953 3558 1027 3627 socii
1049 3560 1281 3647 Romanorum
1310 3509 1395 3645 quaii
1416 3580 1492 3628 vero
1511 3557 1560 3624 ad·

604 3742 702 3816 ditum
724 3740 843 3823 fuiffet,
863 3739 1012 3807 rationem
1034 3754 1154 3808 tantum
1174 3738 1345 3810 habendam
1365 3760 1491 3822 eorum,
1512 3734 1560 3819 qui

605 3933 681 3987 tunc
708 3922 781 3987 socii
808 3920 919 4001 edient,
948 3941 1006 3987 nec
1026 3940 1126 3988 novos
1147 3921 1248 3990 socios
1268 3924 1461 3992 affumendos
1485 3914 1556 3995 effes

604 4115 719 4179 eosque
743 4097 775 4163 in
800 4098 893 4169 fidem
920 4116 1061 4185 receptos
1087 4122 1151 4170 non
1172 4101 1401 4189 defendendum
1428 4103 1502 4174 haec
1520 4095 1557 4161 itt

1353 4305 1356 4314 ¹
1490 4279 1550 4333 cum

608 4444 670 4531 (³¹)
693 4462 764 4513 arv.
786 4444 882 4531 XXI,
906 4450 964 4533 18,
987 4464 1018 4517 et
1038 4470 1089 4539 19.
