3725 5750
606 842 655 909 ‚a
874 821 1314 899 onsanvnmonns

613 1043 685 1123 tio,
715 1036 801 1123 quod
823 1038 992 1118 mentales,
1023 1036 1148 1106 nationis
1171 1035 1323 1118 inperium
1353 1034 1610 1120 detrectantes,

613 1220 805 1298 aeternisque
826 1215 886 1283 illis
913 1231 945 1282 et
971 1216 1003 1282 in
1027 1229 1128 1284 mente
1147 1217 1278 1284 humana
1299 1215 1432 1283 conditis
1453 1231 1605 1283 naturae

611 1399 751 1470 fautricis
767 1416 829 1479 ope
847 1397 1018 1480 praeceptis
1033 1393 1121 1462 suum
1140 1395 1253 1480 cuique
1273 1397 1451 1479 tribuendi,
1481 1400 1600 1465 nemi-

611 1601 681 1648 nem
702 1578 859 1660 laedendi,
879 1590 912 1644 et
930 1575 1061 1646 honeste
1074 1577 1196 1644 vivendi
1217 1577 1439 1646 observantiam
1463 1595 1595 1660 negan-

611 1774 678 1842 tes,
702 1758 919 1842 suppliciorum
948 1771 1034 1824 metu
1054 1771 1198 1844 tanquam
1219 1757 1307 1825 freno
1336 1758 1434 1824 concii
1466 1778 1484 1824 a
1518 1757 1589 1823 sce-

608 1941 671 2004 lere
689 1939 862 2022 ‘deterrendi
881 1937 987 2004 client.
1030 1935 1156 2002 Utinam
1178 1956 1214 2002 ea
1232 1939 1322 2004 etiam
1344 1941 1418 2006 mihi
1437 1935 1515 2004 effet
1535 1938 1587 2004 fa·

606 2120 727 2199 cultae,
748 2137 812 2204 qua
830 2115 952 2182 felicem
973 2115 1057 2182 illum
1076 2115 1205 2196 statum,
1227 2137 1292 2200 quo
1313 2117 1454 2184 homines
1471 2117 1581 2201 juset

603 2317 746 2382 aequum
767 2265 985 2376 observabant,
1012 2293 1063 2360 sed
1089 2293 1198 2360 deinde
1226 2295 1258 2360 in
1280 2297 1369 2381 pejus
1391 2299 1576 2366 conversum

609 2475 694 2559 quast
711 2478 744 2554 iu
760 2477 879 2559 pidiura
896 2475 1080 2541 exhiberem.
1125 2475 1195 2540 Hoc
1217 2493 1254 2538 ex
1275 2475 1318 2540 rei
1340 2478 1487 2562 dignitate
1505 2481 1573 2546 fru-

599 2653 669 2722 -stm
688 2656 758 2741 quis
778 2655 963 2736 contendat,
985 2655 1040 2738 qui
1056 2653 1166 2720 mentis
1187 2653 1336 2722 humanae
1350 2658 1488 2727 notitiam
1507 2683 1569 2728 non

607 2837 645 2905 snt
665 2838 835 2917 assecutam,
856 2856 914 2903 nec
935 2833 1108 2917 facultatis,
1131 2854 1209 2921 qnae
1229 2833 1260 2901 in
1276 2839 1478 2920 exprimendis
1495 2842 1568 2908 ima·

609 3014 752 3098 ginibus‚
773 3016 856 3080 unde
868 3014 974 3093 vivae,
996 3029 1031 3079 ut
1049 3014 1197 3081 Horatius
1219 3016 1278 3099 ait,
1292 3020 1446 3088 ducantur
1455 3042 1565 3103 voces,

608 3192 745 3275 constat,
765 3190 829 3258 vim
850 3184 961 3257 teneat.
1005 3191 1152 3259 Lcliones
1175 3194 1243 3261 ideo
1262 3198 1391 3282 Poetae,
1414 3202 1468 3268 hac
1489 3202 1516 3267 in
1530 3221 1561 3265 re
1629 3260 1630 3279 2

1308 3314 1317 3338 .

603 3388 694 3437 verae
713 3372 876 3456 elegantiae
895 3368 1072 3452 magistros,
1100 3372 1271 3459 doctosque
1294 3395 1418 3446 naturae
1437 3381 1562 3471 imitato-¹

599 3570 672 3631 nes,
694 3549 815 3617 adeant.
859 3548 939 3612 lllos-
961 3550 1131 3615 excitarunt
1158 3574 1338 3623 amomum.
1363 3561 1401 3624 ad
1423 3578 1555 3625 alnon.

549 3824 554 3834 Ι
594 3729 632 3795 J.
655 3750 687 3816 3.
708 3745 761 3817 35.
791 3746 922 3795 auant:
943 3727 982 3793 ad
1002 3747 1178 3799 noanon.
1200 3732 1289 3801 T.I.
1304 3752 1342 3823 p.
1366 3736 1437 3805 262.
1461 3759 1485 3822 J.
1506 3758 1557 3805 on

595 3927 737 3987 ,noscat
758 3906 868 3991 (cujus
889 3906 1092 3975 eruditionem
1114 3930 1202 3977 verne
1222 3912 1386 3993 elegantiae
1409 3913 1487 3999 gustu
1506 3934 1554 3979 or-

600 4033 701 4151 natam
724 4104 881 4169 nunquam
907 4082 970 4150 sine
1000 4085 1116 4153 inuidia
1140 4090 1271 4173 quadam
1297 4093 1461 4183 recordor)
1480 4094 1553 4163 Ant·

599 4261 701 4330 w'otrd
725 4277 760 4349 op
775 4248 826 4332 ⁴tio
853 4286 953 4365 oraag
982 4288 1052 4352 puer
1076 4264 1114 4333 dc
1142 4254 1258 4369 regelen
1288 4270 1342 4339 der
1366 4272 1551 4353 dicbtkunde,

589 4446 629 4516 p.
655 4433 712 4512 178
726 4428 779 4515 sp.
1471 4440 1552 4507 Hanc
