3725 5750
626 835 688 898 104
892 801 1340 876 onsrnva‘rrouas

625 1039 693 1092 mm
709 1007 835 1100 opinio,
857 1013 912 1096 qui
931 1014 1021 1078 talem
1042 1015 1253 1082 autiontatem
1275 1015 1366 1100 Papis
1395 1001 1594 1098 concedunt,

623 1193 844 1284 probabilitatis
865 1193 1162 1260 commendationem
1184 1193 1288 1260 babet.

634 1397 638 1406 ·
660 1375 764 1457 Nam,
786 1373 809 1439 fr
830 1373 965 1456 cuipiam
985 1373 1117 1439 facultas
1137 1374 1346 1455 fundaretur,
1368 1393 1449 1456 qua,
1470 1395 1531 1456 pro
1545 1379 1605 1441 lu-

623 1555 712 1636 bitu,
734 1553 932 1620 affirmatione
952 1551 1087 1636 religiosa
1107 1553 1300 1620 confirmatas
1314 1553 1518 1637 obligationes
1531 1556 1602 1621 tol-

623 1737 719 1816 leret,
747 1747 778 1798 et
804 1731 928 1800 foedera
955 1733 1047 1798 etiam
1072 1733 1201 1798 maxime
1233 1732 1369 1816 religiosa
1395 1735 1601 1815 dissolveret,

624 1913 829 1996 tranquillitas
855 1913 1009 1980 societatis
1043 1902 1238 1992 humanae,¹
1255 1911 1341 1994 cujus
1366 1911 1483 1997 semper
1509 1917 1601 1979 ratio

625 2092 765 2161 habenda
792 2093 853 2173 eil,
880 2091 1123 2174 perturbaretur.
1160 2088 1272 2158 Omnis
1295 2089 1489 2175 jurisjurandi
1516 2095 1601 2160 ufus
1637 2102 1638 2181 ξ

623 2273 724 2340 inanis
752 2287 783 2336 et
809 2271 881 2337 eliet
909 2287 940 2336 et
967 2274 1130 2338 haberetur
1155 2273 1325 2338 verborum
1353 2274 1538 2355 conceptio,
1574 2275 1595 2339 fi
1637 2242 1638 2279 l

622 2451 749 2538 jurans,
770 2469 841 2517 cum
861 2451 893 2517 in
914 2452 1059 2518 damnum
1081 2449 1168 2516 fuum
1187 2450 1337 2532 juraifet,
1360 2452 1503 2534 haberet,
1530 2471 1594 2535 quo

624 2630 826 2716 confugeret,
848 2644 878 2696 et
899 2649 1001 2712 aquo
1020 2629 1218 2715 jurisjurandi
1238 2631 1364 2713 gratiam
1386 2645 1518 2714 peteret.
1536 2632 1594 2719 (*)

622 2797 759 2877 Numen
777 2809 952 2893 supremum
978 2809 1111 2892 denique
1136 2810 1344 2892 laederemus,
1371 2812 1393 2877 fr
1421 2833 1495 2879 mox
1525 2828 1593 2897 post

620 2976 854 3074 jusjurandum,
877 2986 914 3051 ad
936 2987 1045 3070 illurn,
1066 2990 1122 3073 qui
1142 2990 1181 3056 ab
1202 2990 1269 3076 ejus
1290 2990 1436 3075 religione
1457 3013 1522 3059 nos
1539 2994 1593 3060 sol·

623 3180 727 3248 verat,
765 3184 823 3231 nos
851 3166 1070 3249 reciperemus.
1125 3168 1215 3254 Quae
1244 3188 1317 3234 cum
1342 3170 1385 3235 ita
1412 3170 1489 3253 sant,
1524 3175 1588 3239 iicet

626 3364 815 3413 onorrus
835 3348 872 3415 de
892 3344 935 3431 J.
957 3349 997 3415 B.
1017 3362 1047 3413 et
1067 3345 1110 3411 P.
1132 3346 1173 3411 L.
1195 3345 1242 3419 II.
1265 3346 1301 3414 C.
1325 3367 1377 3435 13.
1391 3351 1421 3432 §.
1444 3372 1497 3418 20.
1512 3356 1589 3420 Pon-

623 3524 742 3607 tlfices,
771 3526 853 3610 quast
880 3524 935 3607 qui
961 3524 1062 3591 vicem
1081 3523 1192 3591 summi
1219 3526 1395 3610 imperantis
1416 3549 1544 3616 gerant,
1560 3534 1587 3598 id
1636 3515 1637 3524 ἵ

621 3704 674 3793 jus
696 3706 878 3775 consecutos
897 3705 957 3772 elle
977 3705 1124 3771 affirmare
1135 3705 1293 3792 videatur,
1314 3709 1506 3777 statuendum
1532 3712 1586 3793 eil,

1541 3893 1585 3981 u-
1636 3857 1637 3862 i

624 4054 682 4140 (¹⁸)
704 4058 928 4149 Quodammodo
948 4066 1025 4131 illud
1041 4086 1155 4153 quoque
1174 4064 1310 4157 cogitaffe
1330 4068 1505 4152 censeantur
1526 4071 1584 4135 Ro·

666 4143 945 4229 mano-carbonel,
968 4170 1033 4213 cum
1048 4146 1190 4234 prorniffls
1210 4152 1326 4234 juraris
1352 4155 1517 4232 adderent,
1531 4152 1581 4235 se,

620 4232 632 4297 ,1
670 4224 738 4291 licat
768 4234 905 4307 gratiam
946 4232 1152 4316 jurisjurandi
1181 4239 1365 4321 acciperent,
1405 4237 1583 4308 nihilomiuus

622 4324 627 4383 Ι
655 4300 749 4386 filem
765 4308 951 4386 servaturos.
986 4314 1264 4395 Vid0MtrTTllrtE1
1289 4319 1382 4387 Attal.
1404 4321 1473 4388 Vel.
1496 4321 1576 4390 Aeni.

666 4386 705 4474 T·
731 4388 814 4483 bp-
836 4392 912 4469 666,
