3725 5750
550 791 613 860 DE
649 783 1084 894 JUPAEJURANDQ
1205 727 1305 874 ιδ)Ι

288 1003 316 1073 fi
348 1005 432 1072 filios
459 1015 491 1068 et
510 1012 640 1084 nepotes
652 983 672 1080 ,’
693 996 745 1067 sua
766 995 857 1079 culpa
878 993 1022 1078 miseros,
1043 994 1275 1080 srbipersuade*

200 1262 201 1267 η
292 1200 355 1266 at,
387 1201 492 1249 ornnes
513 1179 602 1263 facile
622 1177 814 1262 intelligent,
835 1176 890 1260 qui
911 1173 1005 1258 ipsam
1026 1179 1190 1250 hunanna
1211 1197 1277 1246 nac

294 1377 403 1429 turam
430 1375 494 1428 non
521 1360 676 1446 ignorant.
732 1357 816 1424 Cum
843 1373 917 1442 ergo
949 1357 1036 1424 Deua
1068 1358 1100 1426 id
1134 1347 1266 1428 manino

205 1576 209 1592 ›
297 1542 419 1626 egerit,
446 1555 482 1607 ut
509 1538 590 1624 ipsos
618 1537 753 1605 criminis
780 1553 851 1602 reos
876 1535 939 1601 hoc
959 1521 1061 1608 'modo
1088 1538 1264 1623 castigaret,

296 1723 354 1788 lex
387 1720 488 1787 divina
515 1721 594 1801 ultra
620 1719 807 1801 abnepotes,
836 1732 918 1796 quoa
938 1711 1129 1797 superstites,
1157 1731 1277 1798 atavus·

204 1920 205 1951 1
295 1901 444 1986 perjurus
466 1898 620 1982 adspicere
637 1909 778 1978 poterat,
800 1913 863 1960 non
881 1894 1093 1978 progreditur,
1117 1898 1266 1978 quemad·

297 2079 430 2146 modum
453 2077 592 2143 observat
611 2093 760 2140 ononrus
780 2075 817 2141 Ie
836 2073 879 2160 J.
906 2074 960 2142 B.·
978 2088 1007 2139 et
1028 2073 1070 2140 P.
1092 2073 1134 2142 L.
1156 2073 1201 2142 II.
1223 2077 1264 2144 C.

204 2298 208 2364 Ξ
295 2255 394 2324 XXI.
422 2258 455 2338 ἕ.
485 2273 535 2340 14.
559 2290 647 2313 —-
673 2253 735 2320 Sed
760 2252 835 2336 quid
860 2253 1109 2338 homunciones,
1142 2254 1176 2322 in
1201 2249 1273 2323 Des

203 2418 204 2446 ¹
299 2435 448 2518 consilia,
470 2434 561 2502 nobis
581 2432 704 2517 ignota,
726 2431 842 2500 curiose
862 2431 1074 2514 inquiremus?
1096 2433 1156 2520 (*)

346 2618 428 2683 Cum
450 2628 480 2680 et
498 2612 611 2680 Graeci
623 2627 654 2678 et
669 2612 804 2678 Romani
830 2611 902 2677 suos
929 2629 1055 2694 quoque
1076 2612 1163 2677 Deos
1185 2615 1261 2684 tales

205 2787 212 2813 ⁷
299 2794 362 2860 eise
374 2806 537 2877 putarent,
557 2792 611 2877 qui
625 2811 688 2859 non
701 2805 820 2858 tanturn
834 2792 872 2857 de
885 2811 995 2877 genere
1010 2791 1168 2860 hominum
1184 2793 1262 2862 bene
1311 2875 1313 2883 Ι

300 2988 508 3068 mererentur,
522 2992 625 3041 verurn
639 2972 748 3056 etiam,
767 2974 866 3057 qualis
885 2974 1017 3058 quisque
1030 2973 1120 3056 esset,
1142 2974 1217 3059 quid
1230 2994 1264 3041 a·

743 3152 824 3235 Mt
1209 3172 1262 3241 ue·

303 3332 362 3415 (*)
384 3330 467 3395 Haec
494 3332 550 3396 bac
566 3332 604 3399 Ie
621 3354 654 3397 re
673 3334 723 3397 oir
748 3329 858 3396 Dodut
878 3344 908 3394 er
928 3333 1042 3396 amicus
1055 3346 1166 3393 mecum
1187 3348 1265 3393 com·

344 3416 522 3479 nrunicavir.
551 3459 576 3491 „
592 3416 709 3494 vulgari
723 3414 924 3495 legisdivinae
931 3411 1189 3493 interpretationi,
1204 3430 1264 3495 qua

347 3494 488 3578 „Deum
510 3494 552 3567 Ο.
574 3494 625 3558 Μ.
647 3511 806 3573 parentum
822 3497 948 3563 crimina
961 3501 990 3561 in
1005 3500 1115 3562 liberos
1129 3494 1268 3563 vindica*

349 3625 375 3661 ,‚
388 3596 421 3640 re
434 3577 584 3658 probent,
598 3574 696 3640 obstat
706 3580 795 3640 iocus
811 3578 951 3644 Ezechiel
961 3579 1085 3653 XVIII,
1095 3596 1146 3643 oo.
1157 3576 1265 3657 Quid?

347 3708 375 3744 „
388 3660 473 3741 quod
488 3660 575 3725 Deus
593 3658 692 3723 and.
713 3659 795 3737 XX,
805 3664 848 3744 ’5.
862 3660 994 3740 indicat,
1016 3660 1045 3726 se
1063 3660 1121 3724 eise
1135 3660 1267 3727 eundem

312 3746 323 3761 ⁸
348 3793 374 3827 ‚‚
387 3745 492 3821 illurn,
509 3743 563 3823 qui
577 3741 740 3822 israelitas,
750 3762 938 3823 eorumque,
947 3745 1063 3809 ratione
1077 3742 1265 3810 idololatriae

347 3826 509 3913 „vestigia
520 3842 680 3907 parentum
695 3824 834 3906 secutos,
856 3828 969 3893 liberos
981 3843 1011 3892 et
1029 3843 1156 3906 nepotes
1178 3829 1268 3893 circi·

313 3907 318 3919 '
348 3960 375 3996 ω
388 3928 435 3977 ter
447 3912 503 3976 IV.
515 3909 614 3975 secula
632 3907 774 3976 servitute
788 3911 976 3993 Aegyptiaea
999 3911 1177 3993 puniverat,
1199 3928 1268 3979 tan-

349 4044 376 4079 „
389 3995 715 4076 demque‚quiquarto
723 3995 754 4059 in
761 3995 839 4060 linea
846 3997 928 4061 reda
942 3996 1038 4079 gradu
1051 3996 1088 4059 ab
1103 3994 1164 4060 istis
1177 3996 1268 4063 dista·

350 4126 376 4162 „
392 4078 1117 4162 bant,inlibertaternredegerat‚sequeadeoid,
1132 4082 1269 4162 qoodA-

350 4210 377 4245 „
389 4162 607 4242 bramoGenes
615 4161 684 4227 XV:
701 4182 738 4248 13
752 4177 782 4225 et
800 4164 849 4229 16.
866 4164 1071 4244 praedixerat,
1084 4164 1143 4245 jann
1163 4166 1270 4243 imple·

318 4281 325 4296 ·
350 4294 376 4327 ‚‚
389 4245 474 4310 visse.
518 4245 578 4309 Sed
594 4244 670 4309 haec
687 4269 716 4311 o
728 4248 900 4330 naptpypssf
914 4282 1022 4301 --
1037 4247 1117 4313 Illud
1135 4272 1269 4333 aopeppor

265 4357 275 4380 ⁸
345 4346 446 4397 nmen
473 4329 608 4396 latiorem
637 4329 850 4412 inqurssrionem
880 4346 1030 4415 meretur,
1059 4352 1151 4421 neque
1176 4339 1215 4401 ab
1236 4349 1267 4397 eo

350 4434 397 4481 me
419 4409 504 4478 ualde
523 4415 652 4479 adenem
672 4409 726 4498 este
738 4408 849 4496 sentio.
950 4479 953 4486 ,
