3725 5750
602 863 663 956 ,⁶
885 856 1324 932 onsnnvnrronns

612 1067 851 1148 consecutione,
873 1070 957 1134 nulla
975 1070 1006 1135 vi
1023 1068 1181 1151 defertur,
1203 1072 1277 1157 quia
1300 1090 1363 1136 non
1388 1071 1505 1138 neceffe
1524 1069 1587 1152 est,

610 1249 715 1334 juret,
731 1261 761 1312 et
774 1246 814 1313 ad
823 1247 1039 1332 jusjurandum
1053 1245 1246 1316 nullomodo
1260 1248 1330 1333 cogi
1344 1247 1444 1331 poffit.
1489 1249 1587 1337 Quod
1651 1195 1652 1202 i

619 1438 721 1492 autem
741 1427 850 1492 attinet
868 1426 907 1490 ad
929 1425 1036 1494 Prr'nc.
1058 1429 1098 1494 L.
1109 1449 1142 1513 4.
1156 1427 1193 1494 de
1210 1433 1243 1495 r'n
1262 1432 1341 1496 litem
1357 1429 1425 1514 jur.
1447 1427 1587 1514 Pupillut

609 1604 780 1690 fiinpubet
804 1601 865 1684 est,
886 1602 997 1691 jurare
1025 1627 1082 1672 non
1104 1604 1208 1692 potest.
1258 1607 1331 1671 Hoc
1359 1621 1478 1673 tantum
1502 1604 1589 1688 apud

606 1782 786 1848 nonnullos
815 1784 914 1864 valet,
943 1797 996 1864 ut,
1024 1781 1099 1864 quin
1129 1801 1337 1848 unrrnuus
1364 1782 1517 1864 pupillum
1549 1782 1589 1847 ad

616 1961 831 2047 jusjurandum
858 1981 923 2028 non
949 1961 1124 2043 admiserit,
1150 1962 1236 2026 nullo
1264 1962 1354 2044 parto
1385 1961 1423 2026 iis
1452 1958 1594 2024 dubitari

619 2139 704 2222 poffe
724 2139 876 2204 videatur.
919 2140 1087 2206 Enimvero
1103 2135 1319 2224 jusjurandum
1339 2141 1371 2206 in
1390 2140 1472 2206 litem
1493 2145 1592 2205 ratio-

607 2339 659 2383 -ne
687 2317 792 2383 causae
815 2318 952 2384 tutelaris
977 2319 1095 2402 pupillo
1120 2339 1184 2383 non
1210 2319 1422 2400 permittitur,
1448 2318 1589 2399 adeoque

492 2580 505 2592 .
605 2513 683 2560 -non
702 2495 740 2560 de
758 2497 978 2582 jurejurando,
1001 2499 1086 2580 quod
1105 2498 1143 2562 ab
1164 2495 1333 2562 adversario
1348 2497 1472 2562 volente
1484 2497 1587 2580 pupii-
1651 2569 1652 2610 ἶ

603 2677 651 2739 -lo
664 2673 818 2759 defertur,
840 2677 891 2742 sed
904 2679 943 2743 de
956 2697 1015 2758 eo,
1035 2676 1121 2760 quod
1143 2674 1286 2741 adversus
1304 2676 1433 2742 invitum
1445 2677 1585 2760 praestari
1651 2757 1652 2786 3

617 2853 713 2935 solet,
735 2856 846 2938 agitur.
888 2855 976 2941 Quin
995 2855 1055 2921 hoc
1072 2856 1166 2922 modo
1187 2857 1372 2925 eontrarium
1392 2857 1479 2942 ejus,
1501 2857 1585 2943 quod

615 3034 802 3114 interpretes
825 3034 1006 3114 voluerant,
1030 3037 1144 3119 exlege
1164 3036 1230 3101 elici
1253 3036 1361 3120 poiiit,
1384 3048 1455 3103 cum
1474 3057 1583 3119 excep-
1651 3060 1652 3087 t

603 3214 664 3279 -tio
685 3211 784 3276 firmet
802 3212 938 3295 reguiam
959 3212 990 3277 in
1009 3214 1127 3281 casibus
1146 3236 1209 3281 non
1228 3217 1375 3299 exceptis.
1418 3216 1514 3282 Porro
1530 3216 1585 3281 ob·
1651 3176 1652 3269 i

617 3392 791 3471 servemus,
804 3412 841 3456 er
853 3392 958 3457 eadem
972 3394 1037 3477 lege
1052 3397 1167 3459 clarum
1180 3393 1238 3459 effe
1250 3410 1280 3459 et
1296 3410 1454 3477 apertum,
1467 3410 1584 3461 tutores

617 3555 733 3638 invitos
752 3569 791 3635 ad
809 3568 1023 3655 jusjurandum
1048 3573 1085 3638 de
1107 3572 1188 3641 fatto
1212 3574 1326 3657 patris,
1355 3575 1444 3659 cujus
1471 3576 1584 3640 nullam

600 3753 708 3833 ·p1ane
722 3750 862 3815 notitiam
874 3750 1008 3834 habent,
1030 3754 1100 3837 cogi
1117 3774 1181 3820 non
1192 3755 1296 3838 poffe,
1317 3753 1403 3821 conf.
1426 3756 1476 3821 Cl.
1493 3766 1585 3819 11111·
1651 3822 1652 3849 ξ

615 3946 751 3992 sanus
772 3931 921 3998 Meditor.
943 3931 988 3999 ad
1005 3932 1149 3999 Pandeii.
1171 3940 1225 4021 Sp.
1245 3936 1316 4021 136.
1338 3956 1372 4001 n.
1392 3882 1428 4000 vi
1471 3934 1583 4016 Neque
1651 3938 1652 3965 ³

616 4107 708 4181 etiam
726 4108 849 4190 cogitur
863 4109 1049 4178 Procurator
1069 4110 1133 4176 vid.
1144 4112 1183 4177 L.
1193 4132 1245 4201 34.
1254 4118 1285 4198 §.
1295 4133 1326 4201 3.
1340 4116 1388 4203 D.
1402 4117 1439 4183 de
1449 4114 1581 4204 jurejur.
1651 4104 1652 4109 ’

656 4286 759 4353 Servis
782 4288 857 4371 quin
874 4291 1091 4376 iusiurandum
1117 4291 1228 4360 deferri
1245 4300 1404 4381 nequeat,
1432 4281 1515 4363 fissde
1536 4312 1586 4358 ca-

1523 4460 1586 4547 pite
