3725 5750
543 855 603 922 nu
641 849 967 939 JUREJURANDo.
1199 873 1240 944 tt

305 1067 406 1154 Quae
427 1063 520 1149 igitur
546 1083 615 1128 cum
643 1074 726 1128 tanta
751 1058 845 1138 fuerit
878 1063 917 1126 de
943 1062 1145 1131 Pontificibus
1172 1066 1242 1150 opi·

212 1277 214 1298 s
255 1245 347 1326 nio,
376 1263 439 1310 non
467 1240 535 1320 est,
563 1239 648 1322 quod
675 1257 860 1322 magnopere
887 1241 1050 1324 miremur,
1083 1245 1152 1311 illos
1179 1262 1240 1327 pro

212 1439 214 1480 2
252 1422 368 1488 lubitu
399 1437 602 1504 quaecunque
629 1417 739 1502 egiffe,
769 1437 847 1500 quae
876 1421 970 1488 modo
1000 1441 1017 1487 e
1044 1441 1077 1486 re
1102 1421 1237 1489 lunello

212 1621 215 1660 :
255 1603 443 1669 crederent.
486 1601 591 1682 Atque
612 1596 684 1662 inde
697 1610 853 1680 repetatur
873 1612 967 1680 prava
987 1598 1090 1683 Reges
1110 1601 1237 1683 imperio
1280 1619 1283 1628 ·

213 1799 216 1838 z
256 1780 413 1862 privandi
439 1778 650 1860 consuetudo,
678 1775 739 1863 (³⁶)
766 1794 936 1856 eorumque
964 1795 1056 1862 regna
1081 1799 1140 1862 pro
1160 1780 1240 1846 arbi·

212 1979 219 2019 t·
257 1959 325 2025 trio
341 1958 536 2028 concedendi
555 1957 729 2063 arrogatio,
750 1953 831 2041 (**)
852 1957 1040 2040 populorum
1061 1958 1238 2042 barbaries,

745 2120 778 2187 G
1176 2145 1238 2209 qua

261 2303 327 2388 (*)
353 2303 402 2367 Ita
424 2321 601 2369 neuutcus
622 2301 676 2368 IV.
695 2300 869 2387 Imperator.
913 2300 985 2368 Vll.
1009 2323 1143 2372 Μιιιοτ
1157 2303 1240 2380 tort.

307 2383 404 2451 Mod.
427 2387 463 2450 T.
482 2389 508 2450 I.
527 2405 552 2472 p
578 2403 650 2470 237.
692 2383 802 2450 Eodem
819 2381 899 2450 modo
920 2391 1159 2455 quocnutws
1172 2378 1238 2453 tlt.

303 2490 439 2552 regnum
471 2471 601 2554 Angliae
630 2468 712 2532 Rei
740 2471 1024 2550 Jouuueaatemtr,
1059 2473 1240 2557 eundemque

306 2555 344 2614 in
358 2549 452 2634 firlem
469 2565 614 2637 receptum
632 2573 663 2614 re
687 2555 768 2615 ituit.
814 2551 885 2615 Vitl.
902 2563 1036 2617 nemon·¹
1058 2552 1137 2634 Hip.
1155 2549 1239 2618 Gall.

309 2635 353 2698 T.
376 2634 402 2698 I.
421 2651 456 2718 p.
480 2654 552 2700 221.
575 2650 603 2700 et
625 2633 702 2713 Hist.
728 2634 823 2718 Angl.
849 2634 884 2696 Τ.
911 2635 930 2698 l
954 2652 992 2718 p.
1020 2637 1091 2720 163.

259 2714 344 2798 (Ὃ
367 2719 417 2782 Ab
437 2717 492 2782 bac
513 2721 642 2802 opinione
666 2735 725 2780 mos
750 2730 921 2800 repetatur,
950 2739 1007 2801 quo
1029 2717 1242 2803 Imperatores,

306 2816 457 2885 tanquam
481 2799 657 2882 Pontificum
686 2800 871 2885 benignitate
898 2819 1025 2883 regnum
1046 2799 1243 2888 cepefferent,

306 2884 353 2947 ub
374 2886 432 2947 Illis
445 2880 625 2964 fillemniter
645 2904 749 2947 corona
770 2882 974 2955 ornabantur.
995 2884 1108 2971 alequa
1121 2884 1242 2965 stellam·

312 2970 415 3047 nitate
448 2965 512 3029 uiti.
542 2966 725 3031 n'otevttee
755 2963 835 3041 Hist.
865 2963 915 3029 der
943 2964 1043 3050 differ.
1075 2968 1170 3052 Pertp.
1201 2967 1241 3033 Τ.

306 3044 367 3113 VI.
383 3064 420 3134 p.
442 3052 516 3133 460.
541 3067 696 3113 cououus
722 3050 839 3132 quidem
863 3067 997 3113 cauvus
1018 3066 1162 3136 tanquam
1184 3049 1240 3115 rlo·

305 3153 382 3195 num
412 3132 573 3217 Imperium
602 3155 621 3195 a
653 3131 738 3215 Papo
766 3134 889 3215 accepit.
950 3130 1042 3197 Videt
1072 3150 1242 3197 onsszssuAY

305 3214 392 3293 tun.
417 3215 496 3280 Gall.
519 3216 557 3280 T.
582 3214 609 3278 I.
627 3230 661 3298 p.
686 3212 758 3295 346.
782 3226 813 3275 et
839 3232 973 3277 mmmm
995 3214 1074 3291 Htst.
1098 3216 1171 3279 Gall
1201 3216 1243 3277 Τ.

304 3296 333 3361 I.
351 3314 391 3381 p.
419 3316 488 3381 130.
532 3298 582 3363 Sic
605 3314 763 3361 cuuotus
777 3314 944 3374 mucuns,
957 3312 1079 3378 patrem
1093 3316 1241 3361 motuum

305 3382 470 3451 imitatus.
499 3380 577 3447 banc
593 3378 821 3461 sollemnitatem
834 3375 939 3463 paffltt
957 3377 1017 3457 est,
1038 3379 1113 3442 Vitl.
1141 3396 1246 3441 onzn-

306 3480 385 3525 Run
416 3460 490 3537 tttp.
520 3462 600 3526 Gall.
633 3463 670 3526 Τ.
699 3461 725 3525 I.
751 3478 785 3541 p.
820 3480 900 3546 249,
919 3466 988 3524 eum
1001 3476 1060 3545 pro
1080 3476 1243 3543 temporum

309 3544 450 3607 ruditate
472 3546 588 3617 nullut,
611 3542 699 3625 misia
721 3543 863 3625 Pontifice
883 3559 1057 3614 coronatus.
1078 3544 1245 3627 Imperator

313 3628 469 3709 legitimus
489 3624 658 3687 haberetur.
698 3625 769 3687 Vid.
794 3645 989 3689 Romnum.
1008 3624 1086 3701 Ht'st.
1105 3628 1179 3689 Car.
1201 3625 1244 3687 V.

313 3708 354 3770 Τ.
381 3704 440 3767 III.
462 3722 499 3786 p.
525 3722 595 3790 103.
622 3702 737 3793 Quid?
756 3706 834 3787 quod
863 3712 963 3772 multis
981 3706 1046 3792 post
1067 3708 1245 3791 temporibus

314 3806 564 3857 Fssssmuomnus
595 3804 721 3851 cnuott
748 3788 786 3849 V.
810 3786 915 3871 frater
943 3813 964 3851 a
991 3790 1079 3871 Papa
1108 3793 1245 3855 coronari

312 3875 422 3938 voluit.
467 3871 538 3935 Vid.
562 3888 756 3935 montem.
776 3870 798 3935 l.
818 3872 839 3935 l.
863 3870 901 3934 Τ.
920 3870 977 3935 VI.
986 3889 1021 3957 p.
1044 3886 1116 3955 255.

355 3954 417 4019 sel
443 3954 516 4019 baec
541 3954 690 4019 bullenus.
742 3952 817 4017 Cum
839 3953 995 4035 Pontifices
1023 3976 1117 4039 regna
1145 3953 1247 4032 distri·

316 4038 436 4103 buerttes
456 4040 609 4115 nouimus,
631 4036 778 4103 bominum
796 4039 953 4123 ignauiam
969 4038 1174 4114 -demiremur,
1194 4042 1244 4104 ni·

317 4119 363 4185 hil
384 4136 481 4185 autem
512 4124 620 4185 mirum
646 4124 743 4205 magis
763 4118 805 4183 ati
822 4142 911 4186 aures
929 4120 1070 4197 accidat,
1093 4143 1184 4206 quam
1204 4124 1245 4185 il·

317 4205 377 4280 los,
399 4223 511 4287 regna,
538 4205 649 4267 remitti
668 4204 835 4268 mortalium
853 4218 942 4279 nota,
966 4204 1126 4269 buicillioe
1146 4224 1245 4269 conce·

317 4286 438 4362 dentes,
459 4284 681 4371 deprehendere.
730 4287 803 4349 Cum
824 4288 927 4370 itaque
948 4286 1131 4371 Portugallis
1147 4306 1244 4350 omnes

310 4370 442 4454 regiones
462 4374 622 4453 orientem,
638 4368 781 4455 Himanis
797 4389 864 4438 uero
874 4368 1062 4438 Occidentem
1070 4368 1171 4455 uersus
1184 4369 1243 4513 ple·

910 4490 912 4497 ι
1205 4466 1245 4512 tt·
