3725 5750
1329 886 1408 950 84
1842 848 2716 927 OBSERVATIONES

1329 1073 1527 1145 ciant„
1596 1062 1977 1152 Quicunque
2030 1085 2178 1152 ergo
2230 1067 2556 1133 temeritati
2607 1066 2751 1132 suae
2804 1064 2891 1130 ita
2955 1065 3286 1150 indulgen

1329 1259 1549 1333 peccat
1591 1246 1654 1311 in
1698 1264 1815 1326 ec,
1857 1244 2029 1326 quod
2068 1245 2171 1313 vel
2210 1260 2438 1312 temere
2480 1250 2578 1313 vel
2618 1246 2831 1312 illicite
2868 1246 3092 1330 jurat.

1321 1460 1340 1492 ι
1414 1424 1683 1492 Temere
1713 1424 1961 1508 jurant,
2016 1422 2127 1506 qui
2169 1438 2518 1507 temporum
2572 1426 2837 1492 rationes
2892 1444 3053 1490 non
3099 1421 3287 1495 obserf

1328 1618 1518 1686 «rant,
1573 1622 1776 1685 neque
1815 1600 2022 1668 animo
2060 1616 2121 1667 et
2162 1603 2533 1687 cogitatione
2574 1605 2726 1669 tales
2768 1603 3042 1670 illorum
3094 1617 3287 1668 muta-

1327 1786 1534 1852 tiones
1573 1783 2114 1866 complectuntur,
2172 1782 2401 1863 quibus
2452 1780 2550 1846 vel
2601 1776 2667 1846 in
2718 1781 2953 1866 perjuri
2963 1801 3094 1847 um
3149 1781 3286 1872 inci-1

1324 1963 1516 2045 dant,
1571 1977 1680 2030 aut
1730 1960 1880 2044 quid
1934 1959 2138 2030 facere
2182 1963 2285 2028 vel
2337 1962 2504 2044 pati,
2558 1960 2727 2043 quod
2780 1974 3006 2026 contra
3076 1963 3273 2027 bonos

1315 2153 1526 2225 ¹mores
1567 2141 1693 2222 est,
1735 2156 2057 2225 cogantur.
2142 2141 2357 2224 Atque
2396 2140 2481 2206 ita
2523 2140 2624 2206 ille
2664 2141 2872 2222 Eques
2914 2138 3146 2205 Rom.
3197 2154 3264 2203 te⁴

1318 2340 1486 2391 mere
1523 2319 1684 2404 egit,
1728 2319 1836 2404 qui
1874 2320 1933 2386 se
1972 2337 2291 2402 nunquam
2329 2339 2587 2386 uxorem
2647 2318 3136 2402 repudiaturum
3170 2318 3257 2400 ju-

1317 2497 1529 2579 rabat,
1571 2511 1636 2564 et
1674 2513 1881 2566 tamen
1906 2498 2069 2564 illam
2089 2547 2114 2581 ,
2155 2498 2222 2564 in
2245 2487 2455 2580 stupro
2481 2496 2923 2592 deprehensam
2940 2545 2969 2579 ,
3018 2496 3249 2583 rejecit,

1318 2678 1510 2761 gratia
1543 2675 1941 2764 jurisjurandi
1982 2681 2060 2748 ab
2100 2681 2472 2762 Imperatore
2513 2673 2679 2742 facta
2729 2676 3005 2744 scilicet!
3107 2674 3241 2743 Wd.

1311 2875 1531 2924 sum
1581 2861 1648 2924 in
1683 2858 1883 2927 Tiber.
1933 2859 2085 2947 Cap.
2131 2874 2237 2945 35.
2323 2855 2526 2943 Quam
2552 2869 2779 2923 temere
2820 2869 3089 2941 egerunt
3125 2853 3237 2920 La·
3285 2913 3286 2921 ,

1311 3043 1542 3115 coneS,
1585 3034 1695 3115 qui
1717 3034 2056 3119 graviffima
2080 3034 2489 3102 exsecratione
2513 3034 2575 3102 se
2604 3034 3095 3117 obstrinxerant,
3120 3053 3229 3100 non

1304 3212 1478 3299 prius
1505 3260 1530 3294 ,
1597 3232 1786 3296 quam
1837 3160 2150 3283 Mess'enas
2202 3215 2679 3300 expugnassent,
2733 3213 2795 3281 se
2861 3214 3218 3285 reversuros,

1305 3394 1484 3482 Quid
1527 3394 1722 3463 vero?
1805 3394 2063 3463 Obfidio
2087 3416 2200 3480 per
2225 3395 2437 3461 decem
2458 3416 2660 3464 annos
2684 3410 2877 3464 tracta
2902 3406 3212 3481 exspecta-

1301 3574 1536 3642 tionem
1554 3570 1806 3653 fefellit,
1850 3592 2038 3657 quam
2065 3574 2149 3641 ob
2176 3593 2304 3641 rem
2322 3622 2347 3657 ‚
2390 3594 2467 3640 ne
2510 3576 2847 3662 perjurium
2875 3577 3208 3646 committe*

1298 3770 1475 3838 tent,
1528 3753 1942 3838 promiscuum
1997 3772 2270 3860 uxorum
2324 3756 2728 3823 concubitum
2795 3756 3201 3842 permiserunt.

1295 3931 1440 3997 Via.
1481 3952 1813 4016 Jus'rm.
1856 3931 1993 4015 III,
2035 3954 2103 4017 4.
2191 3934 2361 4023 Quid
2404 3936 2777 4010 auteminde
2816 3929 3207 4022 profluxerit,

1297 4104 1505 4171 misera
1544 4107 2000 4184 Partheniatum
2047 4112 2324 4184 conditio
2364 4111 2507 4179 satis
2549 4113 2764 4198 evicit.

1369 4284 1592 4367 Neque
1626 4288 1806 4357 etiam
1819 4291 2051 4377 Jephta
2074 4290 2438 4362 temeritatis
2475 4293 2743 4364 excusari
2788 4294 3027 4379 potest,
3065 4287 3200 4373 qui,

3018 4446 3183 4553 ’quid-
