3725 5750
604 847 651 930 μ
870 821 1310 898 OBSERVATIONES

604 1045 736 1116 vexandi
746 1041 846 1130 magle
856 1037 1027 1124 adversarie·
1038 1039 1130 1122 ceufie
1136 1042 1286 1128 fustem,
1301 1063 1369 1111 cum
1383 1044 1498 1113 Remea
1505 1061 1590 1132 poe·

594 1220 815 1310 stelbee‘edeee,
831 1224 865 1289 e‘e
882 1221 1075 1306 municipium
1090 1239 1199 1294 evocet.
1244 1223 1457 1292 Constitutum
1470 1224 1583 1307 itaque

601 1355 646 1472 cll
662 1403 879 1491 jusjurandum
897 1398 1085 1480 calumniae,
1108 1423 1172 1486 quo
1188 1405 1304 1486 Ador,
1325 1403 1434 1470 senon
1453 1405 1580 1470 calum*

597 1585 705 1654 nimdl
722 1583 826 1650 animo
845 1584 931 1650 litem
950 1579 1127 1668 intendere,
1147 1584 1217 1666 sed,
1240 1583 1313 1667 quia
1331 1584 1360 1648 le
1370 1581 1481 1666 justam
1495 1604 1580 1650 cau-

599 1765 662 1832 sam
682 1763 763 1830 tueri
779 1761 945 1846 existimat,
960 1768 1096 1847 querelas
1117 1763 1186 1832 suas
1205 1765 1243 1832 ad
1262 1764 1397 1850 judicem
1416 1762 1576 1848 perferre,

595 1945 781 2013 sollemniter
800 1944 947 2025 affirmat,
968 1946 1082 2030 pariter
1093 1967 1128 2014 ac
1142 1945 1248 2026 Reus,
1271 1943 1301 2009 se
1313 1963 1396 2024 non,
1418 1957 1454 2009 ut
1471 1945 1577 2012 Acto-

596 2127 624 2197 ri
647 2124 806 2210 negotium
826 2121 969 2207 facessat,
996 2125 1048 2192 sed
1072 2141 1109 2192 ut
1128 2127 1276 2210 impetum
1297 2123 1364 2210 ejus
1385 2123 1532 2216 injustum
1556 2143 1574 2190 a

597 2304 628 2372 se
646 2303 791 2388 repellet,
812 2304 841 2369 ei
858 2307 1088 2389 contradicere,
1110 2321 1202 2389 atque
1223 2304 1299 2374 adeo
1320 2304 1403 2372 bona
1420 2302 1523 2369 fidele
1540 2304 1572 2376 ln

594 2485 744 2570 litigando
755 2483 884 2567 versari,
906 2486 975 2568 vel,
991 2501 1026 2552 ut
1046 2486 1122 2570 legis
1139 2485 1232 2550 verba
1254 2483 1438 2594 adscribam,
1453 2505 1565 2574 jurare

594 2666 749 2752 litigantes
768 2666 921 2747 volum,
937 2665 1055 2732 Aderes
1070 2665 1210 2754 quidem,
1222 2665 1295 2750 qula
1308 2685 1366 2731 non
1379 2667 1566 2732 calumniae·

592 2855 636 2909 tee
655 2842 789 2926 deferam
810 2844 895 2909 dees:
913 2840 1067 2931 fugientes
1085 2865 1174 2923 vere,
1189 2845 1262 2932 quia
1284 2843 1409 2911 credunt
1421 2841 1567 2929 fietisfhc·

591 3020 700 3086 tionem
721 3034 913 3104 competenter
926 3018 964 3104 se
977 3023 1104 3107 facere,
1130 3038 1160 3091 et
1181 3044 1238 3090 non
1256 3020 1349 3105 cataste
1365 3024 1568 3091 contentione.

590 3196 857 3285 vidNevelle49.
879 3201 916 3267 C.
935 3220 968 3289 3.
992 3203 1077 3270 conf.
1102 3222 1280 3269 v1NN1us
1302 3202 1334 3267 in
1350 3200 1510 3269 Commene.
1522 3202 1567 3267 ad

588 3376 687 3465 Infids.
704 3376 746 3445 L.
768 3377 825 3445 IV.
848 3379 911 3446 Tit.
936 3382 987 3451 16.
1011 3402 1028 3448 a
1048 3402 1111 3465 quo
1126 3396 1239 3447 ¹tamen
1265 3400 1330 3447 non
1354 3378 1474 3463 pollum
1500 3399 1565 3445 non

588 3557 739 3627 divertere
756 3554 789 3623 in
811 3576 870 3638 eo,
891 3560 979 3643 quod
999 3558 1127 3643 statuat,
1151 3560 1234 3644 apud
1252 3576 1370 3629 veteres
1384 3558 1565 3643 usurpatum

583 3732 802 3822 jusjurandum
820 3739 990 3809 calumniae
1016 3740 1049 3807 in
1077 3738 1306 3809 desuetudinem
1329 3737 1450 3819 abiisse,
1473 3755 1566 3803 revo-

587 3928 691 3982 catum
712 3930 815 3985 autem
833 3915 893 3985 else
913 3939 931 3985 a
951 3938 1230 4004 Jusemmeo,
1253 3920 1325 3987 licet
1343 3919 1405 4004 ipse
1426 3919 1565 4001 Impera*

447 4098 452 4103 “
585 4106 637 4160 tor
654 4092 748 4176 hujus
763 4092 963 4179 jurisjurmedi
985 4111 1141 4163 auctorem
1168 4096 1197 4165 se
1220 4099 1327 4184 jactet.
1359 4102 1390 4185 S.
1412 4118 1443 4167 1.
1476 4096 1563 4181 lnsse'·

581 4285 645 4343 Μ.
665 4271 703 4344 de
716 4274 818 4345 Poene
839 4290 945 4348 temer.
965 4279 1048 4367 litlg.
1092 4278 1247 4349 Nimirum
1266 4278 1502 4369 jusjurandum,
1524 4248 1570 4343 de.

1501 4462 1578 4530 quo,
