3725 5750
570 825 632 894 DE
666 823 998 912 JUREJURANDO·
1197 841 1273 940 aa

277 1048 357 1130 pite
379 1057 433 1109 aut
451 1036 617 1106 commodo
633 1035 827 1100 dominorum
846 1049 971 1120 agatur,
992 1036 1051 1102 hac
1075 1037 1262 1120 potissimum

290 1224 416 1290 ratione
442 1215 641 1295 adducimur,
669 1229 705 1279 ut
727 1216 907 1296 credamus,
941 1215 1028 1298 quod
1055 1215 1140 1281 nullo
1168 1217 1263 1298 patin

288 1413 405 1468 contra
422 1348 564 1464 dominns
581 1393 761 1477 interrogari
777 1393 906 1477 poffint,
932 1407 1024 1478 atque
1048 1397 1079 1462 id
1108 1417 1172 1464 non
1193 1411 1263 1462 tan·

290 1594 367 1660 tum
390 1578 422 1644 in
446 1577 543 1646 causis
565 1572 750 1660 pecuniariis
776 1572 939 1653 obtineat,
971 1593 1080 1638 verum
1109 1576 1199 1641 etiam
1231 1579 1264 1641 in

293 1759 445 1838 omnibus
463 1757 549 1839 aliis,
570 1755 594 1821 fi
612 1753 777 1840 graviffinra
797 1754 955 1835 adulterii,
981 1751 1114 1819 fraudati
1139 1755 1266 1835 census,
1289 1757 1293 1772 ‘

294 1952 335 2008 et
353 1930 516 2036 majestatis
538 1936 666 2002 crimina
683 1899 828 2016 exeipias.
848 1931 988 1998 Vid.=L.
1004 1950 1034 1998 1.
1056 1931 1092 1996 C.
1109 1931 1145 1998 rie
1160 1931 1268 2022 Quae-

284 2118 385 2200 βίων.
410 2135 504 2198 quam
523 2114 622 2196 legem
642 2113 818 2180 difficilioris
837 2113 1115 2195 interpretationis,
1135 2112 1196 2178 levi
1215 2110 1269 2178 ad-

296 2294 402 2360 hibita
421 2292 650 2373 emendatione,
670 2291 789 2376 egregie
808 2293 966 2360 illustravit
984 2311 1136 2360 noonr.
1150 2293 1271 2360 Proba·

296 2476 356 2542 bit.
380 2471 421 2540 L.
438 2471 500 2538 HI.
517 2472 550 2536 C.
574 2484 607 2556 5.
650 2471 763 2552 Neque
781 2471 878 2539 solum
897 2493 961 2538 non
983 2472 1162 2554 interrogari
1180 2483 1270 2552 pote-

297 2665 372 2717 rant
396 2670 504 2721 contra
529 2648 709 2730 dominum,
735 2650 766 2714 in
794 2652 884 2736 euius
905 2649 986 2736 justa
1005 2649 1148 2714 servitute
1167 2661 1272 2728 erant,

280 2815 358 2895 'sed
380 2847 418 2893 ne
437 2842 550 2908 eontra,
564 2828 650 2894 illum
676 2829 821 2913 quidem,
843 2830 894 2897 cui
911 2826 1077 2913 aliquando
1098 2824 1272 2895 servierant.
1289 2771 1293 2778 -

301 3007 384 3074 Vid.
406 3007 447 3074 L.
468 3007 519 3075 18.
543 3010 575 3091 §.
594 3009 628 3077 6.
654 3010 701 3075 D.
722 3010 758 3078 de
777 3009 888 3099 quaest.
911 3008 972 3097 (*)

765 3179 795 3244 C
816 3195 845 3261 31
1210 3176 1277 3241 Ve-

306 3351 364 3436 (*)
386 3349 458 3419 Non
470 3352 596 3440 potuiffi
615 3377 686 3441 ergo
705 3355 847 3422 adhibitis
866 3357 1018 3421 tormentis
1038 3356 1070 3417 in
1090 3354 1217 3419 dominos
1231 3356 1279 3417 in·

351 3453 430 3502 terto
452 3442 523 3517 ari,
542 3462 589 3505 res
605 3442 669 3522 iasa
687 3445 829 3522 quuitur.
851 3439 917 3503 vid.
932 3459 1003 3503 cre.
1026 3456 1084 3519 pro
1105 3436 1190 3518 Rege
1211 3434 1280 3501 De-

350 3518 410 3601 jot.
426 3458 507 3599 gap.
526 3538 555 3585 1.
586 3521 675 3586 leton
687 3523 744 3601 sur
762 3521 838 3587 illud
849 3523 903 3601 jus
923 3521 1006 3605 etussr
1021 3538 1204 3597 TIBEMUS,
1224 3520 1279 3599 qui

346 3600 449 3682 serves
470 3602 561 3664 vendi
575 3602 723 3683 jubebat,
745 3604 812 3668 dein
832 3608 986 3687 torqueri,
1007 3604 1072 3666 vid.
1082 3620 1205 3665 Tacr'r.
1213 3600 1281 3663 An·

356 3683 419 3745 nal.
438 3682 479 3745 li.
500 3698 553 3764 30.
577 3688 608 3743 in
629 3704 685 3765 quo
705 3699 805 3747 tamen
825 3704 1019 3747 auausrrrra
1040 3684 1143 3747 ducem
1158 3680 1280 3756 secutur

355 3762 415 3844 est,
438 3779 474 3832 ut
489 3784 532 3827 ex<
550 3780 655 3827 morer
679 3783 793 3828 cassro
813 3766 855 3827 ad
870 3784 992 3829 rncrrr
1010 3766 1102 3837 locum
1122 3764 1281 3831 laudatum

354 3862 451 3911 monet
472 3864 614 3910 rrrsrrrs.
657 3846 752 3911 Porro
774 3865 901 3911 creaao
928 3846 1052 3927 testatur
1068 3863 1125 3931 pro
1147 3865 1280 3912 Mrronrr

354 3930 391 3993 C.
415 3947 468 3993 22.
490 3928 528 3993 de
541 3928 642 4011 servir
654 3932 766 3994 nullam
781 3930 972 4013 quaestionem
993 3926 1045 4015 effe
1064 3934 1097 3994 in
1112 3928 1282 4011 dominum,

354 4010 412 4083 atili
429 4012 466 4076 de
488 4010 609 4089 incestu·
651 4011 749 4103 Quod
767 4013 854 4095 secus
878 4014 962 4097 apud
991 4010 1200 4096 Athenienses,
1228 4014 1283 4079 ubi

357 4095 446 4165 Δᾶον
465 4092 659 4179 quaestionem
674 4096 830 4175 servom
842 4095 1024 4180 postulabar.
1056 4096 1130 4160 Vid.
1153 4096 1282 4178 Voynge

360 4175 574 4241 d’Anacharfis
595 4196 635 4241 en
652 4177 766 4242 Greee.
789 4179 824 4244 T.
837 4177 881 4242 ΙΙ.
898 4194 934 4264 p.
956 4196 1027 4255 294·
1049 4194 1140 4264 atqua
1153 4181 1287 4265 ingenio·

350 4254 454 4342 βῶκα
473 4259 573 4339 autipr
593 4257 692 4332 addit.
725 4262 919 4345 conenit-:on
932 4260 1028 4343 qu'on
1040 4280 1146 4326 exerce
1160 4280 1219 4326 une
1231 4282 1287 4343 pa-

358 4341 441 4407 reille
461 4342 599 4409 barbarie
612 4356 720 4409 contre
733 4344 786 4410 des
798 4346 957 4429 ho‘nrnres,
979 4344 1140 4412 dontilna
1151 4342 1288 4425 faudrait

1227 4445 1283 4509 pas
