3725 5750
216 3755 224 3830 i

215 3869 220 3987 i

216 3996 220 4006 Ι

630 821 708 892 ΒΕ
729 816 1057 912 JUREJURANDO·
1268 849 1328 926 ¹73

346 1063 353 1072 .
402 1031 597 1122 Quicunque
621 1051 676 1115 ea,
714 1049 795 1116 quae
823 1031 980 1116 superiore
1011 1031 1330 1118 disputationem&

257 1183 261 1190 ¹
296 1263 299 1271 t
361 1209 457 1292 sunt,
483 1224 514 1275 et
534 1210 615 1275 illam
635 1209 764 1279 maxime
783 1227 923 1295 partem,
949 1229 1029 1296 quae
1045 1212 1245 1304 jurisjurandi
1262 1221 1326 1292 vim

354 1392 505 1458 moralem
532 1389 673 1472 attingit,
700 1402 816 1456 attenta
843 1405 946 1457 mente
966 1390 1153 1479 consideret,
1182 1399 1228 1482 is,
1249 1419 1323 1470 eum

352 1570 389 1636 in
416 1567 560 1635 servanda
586 1567 648 1633 fide
674 1582 758 1634 mata
782 1567 826 1652 fit,
849 1570 937 1650 latas,
960 1583 1054 1658 'tanta
1080 1574 1205 1658 religio,
1233 1579 1265 1646 in
1284 1599 1320 1652 rr

353 1748 556 1832 negligenda,
577 1762 609 1812 et
628 1767 704 1815 vero
726 1745 817 1813 etiam
838 1747 1060 1832 vituperanda,
1081 1771 1219 1838 magnam
1232 1756 1318 1836 sitam

345 1926 409 1994 eise
429 1927 653 2010 turpitudinem
672 1943 708 1994 et
724 1924 929 2008 impietatem,
949 1925 1009 1996 sabi
1024 1928 1056 1997 in
1070 1932 1205 2004 animum
1226 1937 1318 2010 indm

344 2119 411 2172 eet.
455 2106 581 2176 Etenim
603 2128 674 2176 cum
685 2107 1026 2196 pejurandohomimum
1038 2111 1312 2202 exspectationem,

342 2284 487 2372 inprimis
514 2291 658 2371 illorum,
688 2288 804 2372 quibus
827 2287 962 2373 iuratum
982 2289 1047 2374 est,
1073 2293 1204 2378 turpiter
1223 2293 1315 2366 fam·

344 2492 437 2554 mus,
460 2470 592 2552 amoris,
611 2468 650 2535 iis
669 2466 793 2548 debito,
813 2467 878 2534 vim
897 2467 1078 2553 inferimus,
1104 2486 1136 2538 et
1162 2492 1309 2545 nonnun-

340 2670 436 2733 quam
460 2649 612 2718 societatis
637 2646 778 2713 ordinem
805 2646 1046 2728 conturbamus,
1074 2667 1145 2714 cum
1167 2653 1249 2718 nulla
1269 2653 1306 2720 fit

333 2827 486 2911 societas,
508 2850 586 2914 quae
606 2827 668 2895 fine
688 2826 752 2895 fide
769 2823 924 2898 consistat.
968 2825 1064 2915 Quoi
1085 2847 1159 2897 veto
1186 2829 1220 2901 in
1240 2830 1301 2901 noc

333 3008 463 3076 crimine
489 3009 640 3077 summum
666 3008 726 3091 est,
761 3006 888 3073 Numen
913 3006 1091 3091 supremum
1127 3012 1300 3079 contemnit

218 3216 224 3245 e
329 3189 496 3274 perjurus,
516 3190 587 3268 vel,
608 3186 633 3253 st
652 3184 918 3266 noncontemait,
940 3184 975 3249 ei.
986 3198 1088 3251 tamen
1099 3190 1298 3267 reverentiam

217 3379 222 3396 ·
331 3365 467 3432 debitam
492 3367 637 3449 denegat.

375 3543 421 3609 Et
448 3541 647 3609 nihilominus
672 3561 737 3608 non
764 3526 993 3626 anquirendum·
1014 3542 1074 3625 est,
1103 3562 1181 3626 qnae
1208 3539 1304 3611 cansa*

217 3709 220 3732 ²
331 3720 469 3805 turpium
496 3740 602 3787 eorum
629 3720 791 3788 criminum
817 3720 883 3804 fit,
915 3722 990 3788 dum
1015 3722 1134 3789 nullum
1160 3724 1294 3791 officium

332 3918 395 3969 tam
412 3900 547 3969 saniinm
567 3900 613 3968 est
630 3916 726 3984 atque
740 3900 904 3987 sollemne,
926 3900 1012 3985 quod
1033 3920 1097 3977 non
1110 3900 1297 3987 detestabilis

329 4081 379 4147 ilia
400 4081 545 4164 ambitio,
567 4081 766 4167 ejusdemque
779 4082 880 4165 socia,
897 4082 1039 4150 scelerata
1051 4080 1293 4166 avaritia,com-
1400 4150 1403 4156 .

328 4259 463 4328 minuere
481 4280 518 4329 ae
534 4261 649 4331 vioime
666 4259 778 4334 soleat..
817 4261 903 4334 conf.
933 4280 1094 4333 cronno
1110 4278 1168 4371 pro
1184 4262 1292 4357 Quin·

1229 4430 1298 4531 tiam
