3725 5750
561 833 625 908 m
660 831 990 924 romaniano.
1215 847 1264 925 a

233 1058 235 1065 ⁴
268 1053 455 1121 ducimur.
498 1051 570 1139 Quo
584 1047 660 1132 quid
674 1046 808 1132 iustius?
829 1045 906 1128 quid
926 1037 1136 1128 praeclarius?
1178 1041 1270 1113 Civi-

268 1233 368 1298 tatis
393 1232 515 1315 quidem
535 1229 614 1294 bene
645 1225 828 1294 constitutae
855 1224 988 1288 multum
1014 1220 1156 1304 interest,
1182 1221 1266 1290 vitae

270 1423 355 1473 tum
380 1409 524 1491 publicae
552 1423 619 1473 tum
646 1407 782 1490 privatae
803 1403 942 1470 censores
969 1399 1028 1466 effe
1047 1398 1264 1482 sevcriffimos,

273 1588 342 1669 qui
369 1589 562 1670 perditorum
585 1586 699 1653 civium
722 1584 882 1652 audaciam
901 1582 1097 1648 contineant:
1123 1594 1153 1644 at
1174 1600 1265 1646 cave·-
1375 1598 1378 1608 ·

277 1780 364 1830 atur
388 1765 504 1855 necessfe
525 1764 587 1849 est,
609 1785 648 1832 ne
668 1765 746 1834 boni
765 1764 893 1846 impune
909 1763 949 1828 ab
962 1757 1189 1828 accusatoribus
1207 1759 1268 1824 cir-

276 1946 532 2011 cumveniantur
551 1946 572 2032 (
592 1945 625 2031 ).

326 2123 369 2190 Si
393 2125 564 2213 rationem,
585 2145 647 2206 qua
669 2122 792 2190 adducti
804 2122 986 2206 legissatores
996 2121 1213 2208 jusjurandum
1227 2119 1265 2186 de

278 2301 454 2366 calumnia
474 2302 717 2384 constituerunt,
735 2301 944 2384 inquiramus,
964 2323 1038 2370 num
1051 2303 1131 2368 inter
1150 2301 1264 2368 liberos

280 2495 318 2544 ct
340 2495 509 2563 parentes,
536 2497 628 2564 atque
654 2497 804 2565 patronos
829 2482 909 2547 inter
936 2495 967 2546 et
991 2481 1119 2547 libertos
1140 2500 1177 2545 ex
1195 2480 1264 2562 jure

284 2657 442 2723 Romano
464 2661 651 2742 intercedat,
674 2658 717 2725 est
738 2660 824 2742 quod
839 2660 1031 2725 dubitemus.
1073 2660 1118 2724 Et
1131 2656 1222 2739 sane,
1243 2656 1268 2722 ii

283 2838 325 2903 ad
352 2836 507 2904 rationem
520 2837 764 2921 Philosophicam
792 2857 855 2905 tem
884 2838 1059 2923 exigamus,
1088 2857 1152 2921 quo
1172 2837 1267 2905 modo

287 3016 359 3081 fieri
381 3016 493 3101 possit,
513 3019 673 3100 homines,
696 3020 853 3086 tamarcto
866 3018 1090 3085 necessitudinis
1102 3034 1134 3085 et
1154 3020 1267 3088 amoris

291 3196 379 3303 quast
406 3195 533 3263 vinculo
561 3198 765 3283 conjunctos,
797 3210 898 3263 tantae
925 3198 1096 3263 dementiae
1128 3200 1268 3267 dicamne

291 3394 333 3441 an
355 3376 522 3459 impietatis
542 3375 682 3460 fore,·ut
702 3376 883 3446 criminibus
904 3375 986 3443 faisrs
1006 3376 1040 3441 in
1053 3376 1159 3441 odium
1179 3393 1209 3442 et
1222 3379 1270 3444 in-

1222 3544 1271 3609 vi.

291 3775 294 3780 ⁴
336 3722 394 3775 tat
430 3726 655 3773 nauusrus
688 3708 728 3775 V.
749 3711 798 3791 c.
830 3708 909 3775 Vra.
938 3708 1042 3773 Clavis
1068 3706 1271 3775 Ciceroniana

338 3812 413 3857 vace
432 3811 586 3856 numum.
615 3827 701 3847 -
735 3792 893 3861 Caeterum
921 3788 1018 3875 digna
1047 3790 1105 3870 est,
1133 3790 1273 3876 quaeda

338 3874 399 3939 bac
414 3878 480 3960 Iege
498 3877 620 3962 legatur
637 3879 840 3941 commentatio
857 3889 894 3939 rt.
917 3892 1167 3953 unuucmnuul,
1181 3896 1273 3961 quam

339 3970 524 4022 uanusrus
545 3961 568 4023 1.
586 3960 610 4022 l.
631 3973 661 4023 et
681 3978 753 4024 vau
774 3980 845 4025 uun
864 3976 998 4023 tranum
1011 3960 1044 4021 in
1058 3958 1218 4041 Suppiem.
1234 3958 1273 4025 ad

341 4057 503 4107 voratum
526 4042 604 4108 Sect.
626 4042 655 4106 Ι.
669 4057 709 4127 p.
734 4042 787 4127 78.
809 4038 1066 4109 commendarunt.

299 4188 352 4274 (³)
361 4189 495 4257 Laudem
511 4208 640 4258 meretur
647 4190 724 4275 sane
739 4214 798 4256 mor
812 4210 1159 4259 uocrumrorroaum
1168 4240 1179 4272 ‚
1188 4191 1274 4279 apud

340 4293 413 4359 quos
438 4274 637 4356 accusatores,
661 4275 692 4358 fi
717 4274 932 4353 accusationem
954 4274 1044 4358 fitam
1060 4280 1193 4361 probare
1221 4282 1274 4342 n'e·

337 4372 469 4442 queant,
488 4362 583 4443 gravi
591 4367 687 4442 poena
698 4355 880 4441 afficiuntur.
896 4360 932 4425 V
932 4359 977 4423 id.
986 4357 1169 4427 n’ouvmrn
1185 4356 1267 4423 Hist.

337 4439 394 4506 des
415 4440 514 4507 differ.
535 4441 633 4525 Peup.
655 4440 699 4507 du
719 4440 831 4507 monde
852 4443 889 4517 Τ.
908 4441 967 4510 IV.
980 4458 1020 4529 p.
1039 4446 1113 4529 446.
