3725 5750
590 883 654 940 ιω
712 925 717 940 ,
855 844 1297 918 OBSERVATIONES

591 1085 662 1150 mr,
683 1077 735 1143 ut,
757 1055 912 1144 quidquid
932 1055 1016 1140 agis,
1037 1075 1076 1122 er
1096 1057 1257 1124 voluntate
1277 1077 1373 1142 agas,
1392 1079 1466 1126 cum
1491 1061 1580 1126 haec

591 1240 685 1314 mimi
705 1237 859 1330 facultas,
885 1233 1103 1317 intelligentiae
1129 1249 1161 1300 et
1180 1235 1348 1302 Libertatis
1375 1237 1484 1320 socia,
1513 1238 1583 1304 ani·

589 1443 675 1494 mum
694 1419 828 1487 adducat
848 1415 888 1484 ad
909 1413 1224 1498 continuantia,
1244 1414 1586 1499 anionesquehuma-

589 1594 1517 1684 nas,cuninternas‚tumexremasdirigat‚coauaautem,
1533 1597 1587 1663 ni·
1621 1556 1622 1569 ἢ

595 1783 641 1850 hil
653 1801 741 1868 agere
749 1779 918 1848 censeatur.
953 1775 1587 1860 Siverovoluntastemporibuscefferit‚

595 1975 628 2028 et
649 1961 734 2029 alteri
752 1961 886 2047 J'urutum
906 1955 963 2038 sat,
989 1955 1146 2042 ejusmodi
1162 1954 1355 2040 jurisjurandi
1373 1955 1508 2026 effeetus
1532 1958 1582 2024 ita

595 2139 762 2222 habeatur,
782 2153 836 2221 ut,
856 2149 1008 2222 quantum
1026 2133 1358 2220 prumiffum‘juratum
1379 2137 1576 2220 perfectioni

592 2319 722 2386 naturali
743 2337 807 2384 non
827 2317 960 2395 officiat,
982 2289 1102 2380 tanturn
1122 2316 1224 2381 valeat
1247 2313 1286 2380 nd
1307 2311 1487 2384 efficaciam.

633 2497 822 2586 Quicunque
849 2494 947 2580 igitur'
963 2494 1045 2562 vitae
1072 2463 1214 2577 periculu
1233 2496 1272 2562 ad
1300 2498 1402 2564 astum
1421 2497 1569 2564 illicitum

592 2677 807 2762 praestandum
834 2691 981 2762 cogatur,
1008 2688 1040 2740 et
1060 2675 1099 2741 ad
1119 2674 1150 2740 id
1171 2673 1201 2739 se
1221 2675 1387 2761 obligarit,
1410 2677 1500 2744 nulla
1521 2693 1568 2742 rc·

1448 2791 1455 2818 t

593 2857 708 2943 ligione
728 2870 861 2924 tenetur.
903 2854 984 2943 Quis
1005 2853 1085 2921 enim
1105 2854 1166 2937 est,
1189 2858 1263 2941 qui,
1285 2879 1302 2924 a
1323 2857 1486 2925 naturaad
1509 2857 1567 2923 ho·

587 3034 674 3103 nesta
696 3052 837 3117 quaeque
854 3032 1026 3115 formatus,
1056 3054 1075 3100 a
1098 3032 1262 3103 sceleribus
1289 3056 1353 3102 non
1381 3036 1564 3117 abhorreat,

595 3215 670 3285 etsr
697 3226 783 3281 metu
812 3214 921 3282 mortis
941 3215 983 3302 ad
1001 3214 1093 3281 talem
1112 3214 1338 3301 promiffionem
1357 3215 1395 3281 sit
1414 3233 1563 3296 coactus,

592 3396 675 3465 illam
696 3393 818 3501 exsequi
838 3415 903 3462 non
924 3394 1076 3480 denegata
1097 3393 1203 3482 Quin,
1223 3394 1247 3461 fi
1264 3395 1431 3481 jnraverit,
1453 3398 1562 3479 potius

594 3572 772 3645 inurendus
799 3573 843 3641 est
863 3594 927 3641 non
942 3572 1073 3660 juraffe,
1101 3574 1173 3657 quia
1194 3574 1260 3642 fieri
1281 3530 1373 3645 nullo⁸
1385 3593 1480 3663 pacto
1501 3599 1559 3663 po·

596 3759 671 3842 test,
691 3772 729 3825 ut
748 3758 836 3825 Deus
858 3756 1022 3823 invocetur
1040 3770 1071 3821 et
1091 3755 1173 3823 testis
1195 3770 1226 3821 et
1245 3758 1374 3843 vindex,
1394 3761 1418 3827 si
1441 3781 1504 3827 non
1525 3778 1558 3824 ea

593 3939 766 4022 peregeris,
794 3952 964 4021 quactum
990 3935 1173 4020 perfectioni
1199 3929 1348 4023 nurmali,
1377 3955 1442 4007 tum
1464 3938 1556 4023 ipsius

592 4112 739 4181 Numinis
758 4114 890 4201 supremi
911 4115 1063 4187 voluntati
1083 4117 1234 4182 contraria
1251 4117 1334 4186 sunt.
1383 4120 1488 4209 Quare
1499 4140 1558 4187 non

495 4288 501 4297 '
596 4306 679 4377 erat,
706 4294 792 4379 quod
825 4316 866 4369 aa.
901 4316 1149 4369 roucourus
1185 4296 1271 4368 rna.
1300 4297 1407 4386 Pau„
1443 4304 1498 4387 qui
1516 4299 1555 4367 ob

1507 4481 1554 4531 Ia-
