3725 5750
579 872 640 946 DE
677 871 1006 963 JUREJURANDo.
1224 895 1285 966 ιο,

313 1087 808 1172 nequaqu'am‘fitaffirmandum,
827 1087 964 1171 J'uratum
978 1082 1071 1164 vero,
1093 1101 1158 1150 non
1179 1098 1286 1154 tenen·

317 1265 409 1331 dom.
453 1267 524 1333 th.
554 1283 740 1332 (moenis
766 1267 803 1334 de
823 1262 864 1350 J.
887 1265 927 1330 B.
952 1279 982 1330 et
1002 1262 1043 1328 P.
1059 1263 1100 1330 L.
1112 1263 1157 1331 II.
1179 1266 1215 1333 C.
1230 1285 1291 1353 13..

315 1443 347 1524 §.
362 1435 442 1527 7.'et
462 1463 671 1512 euoenon.
693 1443 734 1530 J.
756 1441 802 1510 N.
821 1456 850 1509 et
866 1441 907 1508 G.
927 1441 969 1508 L.
991 1440 1055 1525 IV,
1077 1443 1113 1508 C.
1129 1461 1162 1510 2.
1180 1445 1211 1526 S.
1227 1463 1280 1513 10.

313 1619 397 1686 Fieri
417 1623 535 1704 potest,
565 1638 602 1688 ut
623 1623 659 1688 ad
688 1618 808 1704 aliquid'
824 1618 1057 1704 praestandum,
1079 1621 1164 1701 quod
1183 1642 1216 1686 re
1228 1643 1283 1689 νεά

311 1815 346 1863 m
374 1799 493 1866 honesti
524 1765 975 1880 habet'commendationem
1001 1817 1060 1863 nos
1090 1798 1281 1886 obligemos',

312 1977 439 2043 mut-otis
467 1986 573 2044 ‘autem
594 1976 803 2060 temporibus,
831 1975 1025 2042 inhonestum
1044 1976 1118 2041 iliud
1141 1978 1195 2060 fit,
1216 1982 1282 2046 val-

309 2155 414 2238 deque
429 2155 594 2222 vitiosum.-
614 2156 686 2236 Sic,
708 2154 764 2240 (ut
777 2155 838 2221 hoc
851 2156 938 2244 utor)
949 2156 1089 2240 juratus,
1110 2169 1141 2221 te
1163 2159 1281 2225 celato»

306 2351 380 2398 rum
405 2334 502 2417 quid,
524 2336 609 2418 quod
629 2336 699 2400 fidei
719 2350 789 2402 tuae
802 2333 993 2401 commissum
1013 2334 1074 2417 est,
1094 2337 1274 2421 promisisti,

305 2511 340 2575 in
362 2532 398 2577 ea
419 2513 564 2596 opinione
584 2513 736 2595 versatus,
759 2513 834 2580 illud
852 2512 1015 2580 honestum
1033 2512 1120 2596 fore,
1142 2516 1197 2580 ubi
1218 2536 1273 2581 au·

304 2706 370 2756 tem
393 2692 485 2776 Reip.
508 2693 595 2760 saluti
621 2694 696 2760 illud
718 2693 902 2760 contrarium
931 2691 1095 2775 cognoris,
1122 2692 1274 2759 evanescit

304 2872 408 2939 omnis
430 2874 587 2957 obligatio.
632 2874 726 2961 Quod
740 2886 822 2939 recte
833 2870 1021 2957 intelligebat
1033 2871 1268 2955 Nicomachus,

306 3071 376 3119 cum
394 3101 406 3134 ‚
428 3056 590 3140 postquam
601 3075 658 3137 per
669 3049 838 3139 praesentes
851 3058 938 3123 Deos
947 3053 1094 3137 jurasset,
1114 3052 1166 3135 se,
1188 3074 1268 3137 quae

302 3230 355 3297 fibi
383 3228 667 3337 committerent‘ulj,
695 3234 814 3299 silentio
840 3232 899 3297 effe
926 3233 1100 3313 meierum,
1127 3231 1268 3315 propofi-

301 3422 366 3477 tum
388 3413 469 3495 Regi
488 3412 768 3497 perniciofiffimum
791 3412 850 3479 effe
872 3409 1088 3495 cognosceret,
1108 3410 1190 3473 nulla
1219 3428 1269 3471 re·

298 3593 432 3675 igione,
454 3610 488 3659 ut
501 3593 595 3675 scelus
610 3594 723 3676 ⁴tegat,
738 3590 772 3672 se
785 3588 862 3677 poffe
884 3589 1066 3675 constringi,
1096 3584 1265 3651 affirmavit.

300 3767 376 3834 Vzd.
405 3786 533 3836 cum.
561 3768 602 3834 L.
628 3764 684 3831 VI.
707 3768 743 3833 C.
768 3783 800 3851 7.
820 3785 869 3831 no.
889 3779 921 3851 5.

341 3947 427 4013 Dum
455 3946 541 4013 nihii
556 3961 656 4015 ratum
683 3945 744 4027 fit,
779 3943 864 4029 quod
891 3963 948 4029 per
974 3942 1037 4010 vim
1064 3958 1167 4012 actum
1194 3943 1238 4009 est
1252 3982 1270 4026 ,·

298 4124 509 4209 jusjurandum
531 4126 573 4192 ita
591 4128 901 4211 conceptum,'nuila
922 4123 1066 4209 religione
1093 4124 1267 4191 confirmari

301 4305 377 4371 mihi
396 4325 467 4376 vere
488 4306 595 4375 videor
616 4304 674 4375 effe
696 4306 856 4393 dicturus3
885 4324 958 4399 nom
978 4303 1115 4392 inprimis
1135 4303 1265 4389 requiri-
1307 4318 1324 4392 j

1211 4480 1263 4530 tut
