3725 5750
1257 817 1306 883 6
1779 740 2652 880 oBsEiszTloNEs

1264 1031 1403 1108 ωε,
1442 1033 1653 1090 utrum
1695 1021 1871 1089 Deus
1906 1015 1975 1089 in
2010 1022 2405 1108 jurejurando
2447 1023 2879 1089 tantummodo
2930 1025 3211 1108 vindex,

1272 1216 1355 1271 an
1390 1219 1539 1270 vero
1571 1215 1635 1267 et
1666 1200 1895 1268 vindex
1918 1217 1980 1270 et
2004 1202 2169 1270 testis
2193 1201 2368 1268 simul
2388 1202 2734 1270 invocetur.
2807 1203 3016 1270 Nobis
3045 1177 3217 1289 opti-

1272 1397 1380 1450 ma
1423 1381 1667 1449 videtur
1710 1379 2001 1450 sententia
2052 1396 2471 1451 ‘rnoMAsn
2525 1399 2718 1447 unum
2775 1388 2968 1451 altero
3022 1385 3216 1450 tacite

1279 1561 1583 1634 contineri
1608 1562 1947 1634 statuentis.
2034 1561 2186 1629 Vid.
2226 1561 2478 1650 Jurisp.
2519 1559 2731 1629 divina
2764 1562 2903 1630 Lib.
2934 1562 3027 1628 ll.
3058 1564 3218 1650 cap.

1158 1787 1162 1791 -
1265 1704 1607 1824 yrum.
1691 1721 1702 1731 ’

2126 2017 2192 2097 §-
2274 2016 2367 2081 11.

1372 2278 1540 2343 Cum
1570 2277 1697 2362 jam
1730 2279 1795 2344 In
1831 2299 1908 2345 eo
1932 2276 2156 2359 fimus,
2200 2291 2307 2358 ut,
2349 2276 2659 2361 proposita
2677 2275 3076 2361 jurisjurandi
3101 2277 3203 2343 de-

1279 2454 1602 2537 finitione,
1654 2456 1952 2541 originem
1988 2456 2124 2541 ejus
2163 2455 2558 2538 indagemus,
2616 2473 2725 2540 age
2770 2456 2930 2521 illam
2968 2477 3003 2522 a
3037 2455 3204 2522 fonte

1283 2650 1670 2718 repetamus»,
1710 2654 1836 2720 qno
1871 2634 2125 2703 invento
2149 2655 2275 2702 non
2307 2636 2422 2700 erit
2452 2635 2749 2715 dubium,
2794 2634 2947 2717 quin
2969 2635 3048 2701 ad
3072 2655 3207 2718 per·-

1281 2812 1491 2882 fidiam
1530 2815 1679 2881 illud
1695 2863 1719 2898 ,
1760 2814 1934 2899 quod
1973 2815 2342 2897 quaerimus,
2380 2812 2767 2881 referendum
2807 2811 2906 2882 fit.

1370 2992 1469 3059 Ea
1509 2992 1740 3076 semper
1779 2993 1901 3060 fuit
1945 2994 2183 3076 generis
2235 2994 2490 3064 humani
2534 2992 2930 3078 perverfitaS,
2987 3008 3095 3072 ut,
3137 2995 3211 3059 li-

1255 3154 1392 3238 ce‘t
1432 3175 1681 3239 naturae
1716 3173 2066 3256 praeceptis·
2101 3173 2182 3240 ad
2211 3175 2374 3240 reste
2419 3174 2713 3255 beateque
2755 3171 3085 3239 vivendum
3109 3191 3206 3237 es-

1282 3349 1376 3416 set
1401 3353 1920 3433 conformatum,
1973 3352 2334 3450 plerumque
2388 3368 2590 3418 tamen
2632 3353 2710 3418 ad
2758 3352 2954 3419 scelus
2995 3352 3204 3433 depre-

1255 3529 1656 3597 ‘henderetur
1705 3548 1974 3614 pronum
2029 3544 2091 3594 et
2147 3549 2184 3594 a
2236 3530 2434 3595 rectae
2487 3530 2649 3604 vitae
2703 3531 2804 3599 via
2856 3532 3197 3627 deflectens.

1278 3710 1586 3796 Quar'nvis
1629 3732 1774 3777 cum
1815 3709 2104 3792 loquela,
2149 3708 2529 3777 conciliatrix
2552 3712 2653 3781 ina
2692 3714 2992 3785 humanae
3018 3709 3204 3775 socie-.-

1279 3892 1462 3972 tatis,
1504 3887 1641 3956 tum
1680 3912 1830 3957 vero
1862 3875 2053 3969 'etiam
2093 3889 2248 3956 ratio
2285 3888 2515 3957 summa
2531 3938 2556 3972 ,
2599 3888 2770 3956 infita
2798 3892 3059 3960 hominis
3096 3910 3206 3957 na-

1276 4068 1491 4150 turae,
1532 4090 1643 4153 per
1683 4090 1866 4153 quam
1899 4070 2127 4153 hom0,
2153 4082 2225 4135 ut
2265 4086 2580 4137 menno
2621 4070 2706 4136 ait
2743 4071 2821 4140 de
2848 4070 3020 4157 Offic.
3063 4066 3111 4137 1.
3137 4092 3201 4156 4,.

1182 4344 1184 4349 ,
1251 4249 1696 4339 consequentia,
1718 4224 1946 4336 emit,
1993 4246 2205 4335 causas
2238 4272 2437 4321 rerum
2469 4250 2634 4321 vicht
2649 4293 2676 4337 ,
2717 4270 3040 4340 earumque
3067 4264 3204 4338 pro·

3038 4436 3199 4505 gres·
