3725 5750
562 811 648 891 'DE‘
670 817 1010 908 JuouuuANno.·÷
1200 831 1267 897 'tar

317 1040 392 1104 -rAt
415 1038 498 1104 dicet
518 1032 627 1114 aliquis
649 1044 773 1111 eorum,
796 1031 851 1112 qui
864 1032 1086 1099 Ciceronianae
1104 1034 1283 1112 sententiae·

306 1216 390 1282 suam
413 1235 538 1298 quoque
564 1209 802 1294 adscripserunt,
831 1209 890 1278 smt
912 1209 985 1294 ista,
1007 1211 1174 1297 ficocvis,
1195 1235 1271 1299 gau·

305 1395 394 1462 deant
416 1397 534 1478 piratae
558 1396 625 1480 inre
651 1393 817 1472 Naturae,
851 1404 945 1473 atque
975 1393 1052 1458 adeo
1085 1394 1269 1462 ulisofficia

308 1575 443 1657 perfedta
468 1578 662 1655 tribuantur,
687 1570 769 1637 idem
798 1569 874 1636 illud
899 1569 954 1656 jus
977 1573 1145 1655 Naturae,
1178 1571 1269 1653 illos,

236 1778 237 1786 ¹
309 1729 362 1836 qui
389 1756 489 1840 geneii
515 1757 651 1822 humano
680 1749 797 1816 exitiost
823 1747 913 1832 sunt,
942 1769 979 1815 ex
1000 1750 1159 1818 hominum
1181 1770 1281 1817 coms

236 1960 239 1969 ·
308 1936 456 2000 munitate
482 1927 675 2002 exterminari
698 1929 797 2013 jub'et.
827 1927 924 1994 isid.
956 1945 1142 1997 ononrus
1167 1931 1206 1996 de
1228 1929 1272 2016 J.

237 2138 240 2148 ⁴
306 2115 346 2180 B.
369 2131 400 2181 et
422 2113 463 2182 P.
484 2113 525 2178 L.
555 2113 600 2180 II.
624 2111 659 2176 C.
689 2127 742 2176 20.
770 2111 800 2192 §.
830 2105 861 2174 8.
910 2109 1026 2193 Igitur,
1056 2129 1275 2196 quemcunque

307 2292 474 2358 honestum
502 2289 544 2356 est
566 2309 693 2371 necare,
721 2289 818 2356 eidem
837 2288 1018 2374 jussuum,
1049 2289 1135 2370 quod
1156 2313 1193 2360 ex
1213 2294 1275 2361 fide

310 2469 384 2535 data
410 2483 441 2534 et
468 2485 591 2552 accepta
619 2468 799 2536 consecutus
826 2467 888 2550 est,
917 2469 1049 2535 adimere
1074 2470 1159 2534 licet.
1202 2472 1275 2555 Ego

307 2667 385 2713 vero
407 2667 470 2714 non
492 2647 627 2716 dubitem
650 2650 854 2730 contendere,
881 2649 959 2712 haec
980 2647 1105 2711 mnnme
1126 2605 1279 2730 quaestio·

308 2829 361 2913 ni,
384 2847 478 2911 quam
498 2844 684 2915 tractamus,
713 2829 858 2915 applicari
878 2827 984 2913 poue,
1013 2825 1179 2910 quoniam,
1207 2829 1279 2911 qui·

308 3028 432 3092 cunque
454 3028 524 3077 cum
542 3010 696 3095 praedone
726 3010 908 3095 paciscitur,
929 3007 1017 3075 simul
1038 3008 1186 3075 etiamilli
1197 3031 1275 3093 poea

309 3209 379 3255 nam
400 3189 480 3255 bene
500 3192 638 3258 meritam
658 3188 829 3267 remittere,
851 3202 882 3251 et
903 3188 974 3268 iila,
996 3206 1075 3268 quae
1095 3188 1197 3252 minus
1216 3189 1276 3253 ho-

313 3367 395 3433 neste
416 3368 510 3452 fecit,
531 3390 595 3437 non
616 3371 748 3453 amplius
768 3358 918 3451 imputare
940 3365 1092 3431 censetur,

350 3546 420 3629 Jam
446 3564 522 3609 vero
548 3544 571 3610 sa
593 3546 700 3628 piratis
725 3546 802 3611 fides
823 3546 893 3611 data
913 3546 951 3611 srt
970 3548 1134 3625 servanda,
1161 3516 1280 3609 summo

305 3725 379 3815 jure
400 3722 433 3787 id
453 3719 510 3820 fibi
536 3722 639 3793 hostes
665 3722 790 3809 legitimi
811 3721 982 3805 reposcant.
1030 3726 1068 3791 In
1088 3725 1280 3789 bellonem·

311 3924 372 3987 pe,
394 3894 466 3968 cum
487 3904 625 3985 pervim
643 3903 754 3991 iustam
776 3902 989 3985 decertamus,
1004 3917 1050 3968 ut
1070 3904 1112 3970 ita
1130 3903 1182 3987 jus
1203 3921 1278 3969 nos-

255 4125 259 4135 ·
311 4098 395 4150 trum
417 4078 656 4171 consequamur,
683 4087 769 4153 omni
789 4086 907 4153 ratione
934 4097 1041 4151 contra
1068 4084 1169 4151 hostes
1189 4104 1278 4170 agere

313 4262 402 4336 licet.
444 4262 519 4333 Non
529 4276 634 4332 tamen
654 4264 676 4333 ii
697 4265 821 4348 sumus,
839 4267 892 4350 qui
916 4284 1279 4337 nuunnasuonrm

758 4432 792 4547 H.
812 4446 834 4521 5
858 4420 862 4428 ’
1186 4430 1282 4497 auen-
