3725 5750
579 823 627 910 ,a
843 807 1284 880 ousenvnurouss

577 1023 677 1104 sallia,
699 1031 735 1086 ut
754 1017 796 1084 ita
813 1017 932 1099 dicam,
952 1017 1099 1101 symbolis
1114 1018 1208 1103 ipsam
1220 1018 1375 1096 internam
1388 1025 1536 1094 astionem
1616 1024 1617 1035 ’

578 1203 732 1283 obtegere.
781 1197 958 1280 Praeterea,
983 1197 1007 1263 li
1034 1197 1149 1265 nullam
1172 1199 1237 1265 vim
1263 1201 1420 1284 obligandi
1444 1204 1542 1270 verba
1617 1208 1618 1245 r

576 1377 758 1446 sollemniter
776 1379 938 1446 enunciata
965 1379 1131 1464 baberent,
1151 1379 1277 1463 sasrgms
1292 1383 1446 1464 externis,
1467 1382 1540 1464 qui·
1618 1390 1619 1431 l

572 1559 639 1626 bus
665 1580 737 1628 cum
763 1561 829 1628 aliis
854 1559 1031 1626 hominibus
1062 1559 1193 1625 nostram
1217 1574 1350 1626 mentem
1374 1563 1541 1646 cogitatio·

573 1759 711 1822 nemque
741 1739 1024 1820 communicemus,
1057 1741 1140 1806 nulla
1163 1738 1269 1822 religio
1305 1739 1435 1821 ineffet,
1454 1687 1539 1823 'quo

575 1919 699 2004 randena
718 1920 810 2002 patilo
829 1916 956 1985 societas
974 1917 1105 1990 hamana
1124 1918 1347 1999 contineretur,
1367 1920 1460 2004 cujus
1479 1940 1542 1985 na·
1621 1940 1623 2043 y

577 2116 664 2182 tura,
685 2113 720 2165 ut
741 2101 820 2166 recle
849 2117 1046 2166 onoa1us
1064 2095 1112 2182 J.·
1130 2101 1171 2168 B.
1193 2115 1224 2166 et
1243 2099 1350 2178 RH,
1370 2119 1405 2181 4,
1427 2115 1460 2181 3.
1476 2118 1540 2162 non

565 2285 708 2367 patitur,
737 2279 857 2362 inquit,
886 2295 920 2345 ut
941 2279 1053 2345 ollibus
1072 2279 1170 2363 animi
1185 2275 1368 2364 sufficienter
1393 2274 1535 2340 indicatis
1623 2308 1624 2375 p

1623 2384 1624 2409 r

569 2461 656 2526 sulla
671 2459 711 2544 fit
728 2454 867 2542 efficacia.
915 2457 1005 2544 Quae
1032 2455 1055 2522 fi
1081 2457 1160 2522 recle
1186 2455 1432 2539 perpendamus,
1460 2451 1536 2517 nulli
1624 2490 1626 2573 y

567 2637 802 2718 dubitabimus,
830 2623 904 2718 quin
924 2637 965 2718 ii,
991 2637 1047 2719 qui
1067 2634 1282 2702 reservationes
1308 2632 1455 2700 mentales
1483 2628 1536 2694 ad·

569 2815 723 2897 lribeant,
756 2816 825 2883 Deo
850 2819 982 2885 debitam
1010 2814 1207 2884 reverentiam
1231 2812 1410 2897 negligant,
1436 2827 1535 2891 cum,
1626 2858 1627 2908 1

566 2995 627 3078 ¹qui
648 2996 775 3061 alterum
793 2996 865 3061 dolo
884 2998 1149 3074 circumveniunt,
1182 2994 1379 3073 actionesque
1401 2989 1535 3055 internas

569 3176 629 3241 sub
649 3174 747 3259 specie
765 3175 965 3261 jurisjurandi
986 3178 1163 3255 occultant,
1191 3188 1281 3259 agant
1301 3173 1352 3253 id,
1374 3188 1439 3251 quo
1460 3169 1535 3233 nihil

572 3359 683 3443 magis·
702 3357 804 3425 officio
835 3355 925 3437 poffit
952 3356 1014 3421 esso
1032 3353 1238 3434 contrarium,
1267 3297 1337 3418 narn
1358 3349 1533 3432 religionem

573 3550 795 3617 contemnunt,
820 3550 851 3601 et
870 3556 1024 3618 amorem,
1045 3532 1274 3620 cujusvinculo
1288 3530 1414 3605 caeteris
1434 3525 1532 3594 homi·

563 3718 667 3787 ,nibus
687 3713 758 3783 sunt
779 3716 863 3799 quast
885 3718 1016 3801 alligati,
1038 3694 1178 3783 violant(

564 3956 567 3963 .
615 3896 699 3962 Cunr
719 3897 759 3961 ita
778 3895 994 3965 reservationes
1013 3897 1081 3961 illae
1100 3908 1258 3977 tantopere
1282 3888 1461 3974 perfectioni
1476 3904 1531 3950 na-

573 4070 664 4135 turali
687 4071 841 4155 officiant,
864 4074 908 4141 est
934 4073 1022 4154 sane,
1045 4072 1154 4154 quod,
1179 4072 1325 4139 memoria
1346 4071 1447 4137 omnis
1470 4065 1535 4133 aeui

574 4247 738 4333 replicata,
764 4252 842 4321 hanc
870 4252 1030 4339 perfidiam
1055 4248 1145 4321 tuille
1170 4251 1307 4319 omnium
1333 4248 1398 4315 fere
1419 4264 1535 4331 tempo-

1474 4425 1537 4476 rum
