3725 5750
583 833 645 907 DE
682 827 1012 924 JUREJURANDO.
1223 821 1284 922 179

302 1043 505 1128 nificentius,
534 1060 625 1128 quam
647 1056 705 1130 pro
725 1044 769 1110 rei
790 1043 935 1125 veritate,
958 1043 1038 1109 dieta
1059 1055 1167 1126 putet,
1189 1065 1282 1129 curn,

313 1230 493 1328 quicunque
514 1245 635 1292 mecum
657 1223 709 1289 vel
729 1236 824 1290 utram
846 1209 1002 1290 civitatem
1013 1217 1185 1290 Romanum
1204 1241 1281 1294 cou-

308 1403 440 1487 srderet‚
468 1405 514 1486 is,
543 1403 599 1471 ubi
625 1401 798 1488 perjurium
819 1399 1036 1484 saepenumero
1059 1404 1279 1488 committitur,

203 1525 210 1532 ·
312 1585 357 1656 ibi
384 1603 531 1668 quoque,
560 1581 711 1666 quiequid
740 1580 780 1648 ad
801 1579 922 1660 officis,
954 1581 1020 1646 Deo
1041 1577 1161 1662 debite,
1190 1596 1221 1648 et
1241 1582 1280 1648 nd

316 1764 393 1834 boni
412 1762 470 1831 uiri
497 1773 602 1829 notam
624 1759 794 1845 pertineat,
821 1755 996 1842 despestum
1021 1731 1123 1845 jacere
1141 1775 1171 1826 et
1191 1759 1283 1827 obso-

200 1905 203 1997 ,¹
315 1877 438 2025 letum,
471 1941 548 2007 mihi
583 1939 726 2006 statuenti
753 1925 937 2006 assentiatur.
995 1938 1083 2028 Quot
1115 1940 1284 2025 quantique

199 2056 203 2198 ζ
317 2122 399 2207 apud
426 2120 589 2214 Romanos
615 2075 733 2184 inventi
759 2117 850 2200 sunt,
884 2117 939 2202 qui
966 2119 998 2188 in
1024 2117 1223 2202 testimoniis,
1251 2119 1284 2186 in

312 2297 435 2385 jndicio
463 2295 626 2379 dicendis,
648 2298 772 2366 minime
792 2299 925 2385 religiosr
948 2299 1165 2368 versabantur?
1198 2301 1286 2389 Quot

323 2475 572 2543 testamentorum
604 2475 809 2563 subjestores,
836 2495 868 2550 et
895 2445 1198 2563 eircumseriproresi
1226 2479 1286 2567 (⁸)

321 2655 420 2725 Conf.
450 2673 650 2727 srttusr.
681 2660 757 2726 Bell.
779 2661 872 2727 Catil.
894 2661 970 2747 Cap.
997 2659 1047 2729 16.
1091 2659 1198 2746 Quot,
1232 2658 1286 2741 qui

322 2835 474 2903 creditum
496 2838 694 2925 abJurtbnnt,
721 2840 922 2928 jurejurando
956 2841 1158 2925 affinnantes,
1190 2838 1288 2907 credi·

319 3014 459 3098 toribus,
480 3016 533 3085 sua
553 3021 782 3104 repetentibus,
803 3001 833 3087 se
854 3020 931 3090 nihii
952 3023 1084 3091 debere?
1104 3023 1185 3089 Vidn
1201 3042 1289 3089 con·

323 3214 374 3265 τι
397 3195 434 3261 ad
456 3216 664 3267 snrrusr.
686 3200 763 3266 Bell.
789 3198 881 3264 Catii.
913 3199 991 3284 Cap.
1014 3210 1067 3283 25.
1092 3196 1170 3284 (**)
1200 3200 1289 3286 Quot

196 3393 202 3446 t
330 3371 465 3439 amicitia
495 3378 617 3461 Juneii,
650 3378 706 3462 qui
730 3377 935 3449 sanniffimam
962 3376 1137 3445 societatem
1165 3372 1293 3456 turpiter

788 3555 829 3623 M
848 3575 870 3625 2
1219 3550 1288 3623 vio·

199 3860 206 3879 Ι
335 3768 393 3853 (*)
414 3767 474 3836 Hir
493 3776 597 3842 merito
620 3789 688 3843 nux
711 3790 885 3840 cortuum
912 3775 950 3842 de
971 3775 1052 3841 fatus
1071 3791 1198 3863 poenam
1219 3774 1294 3842 irru-

363 3867 439 3941 gat.
459 3854 535 3923 th.
557 3860 588 3941 ς.
612 3879 644 3941 7.
666 3857 761 3943 Instit.
783 3858 819 3925 de
839 3856 931 3926 Publ.
955 3858 1064 3945 Judr'c.

335 4030 595 4203 (eznfdvsbuncq
602 4062 709 4109 morem
732 4039 841 4111 alludit
863 4056 1022 4119 uerutus
1044 4042 1077 4106 in
1091 4040 1212 4129 Prtlng.
1227 4036 1297 4109 ttu-
1326 4028 1330 4033 ’

428 4277 430 4280 ’
457 4286 524 4378 Qui
544 4285 632 4357 falsas
653 4291 721 4356 lites
742 4286 823 4355 saliis
843 4286 1023 4366 testimoniis

459 4374 590 4443 Petunt:
614 4375 731 4456 quique
752 4374 783 4439 in
802 4374 871 4457 jure
892 4372 1032 4457 abjurant
1054 4370 1233 4455 pecuniam,

461 4458 582 4530 Eorum
609 4456 772 4530 referimus
800 4457 925 4527 nomina
952 4454 1098 4543 exscripta
1125 4459 1164 4523 ad
1179 4456 1302 4541 Jovem.
