3725 5750
650 899 707 947 ιο)
903 862 1343 940 OBSERVATIONES

683 1081 773 1150 Plana
800 1067 893 1162 igitur
919 1077 963 1142 est
989 1077 1085 1155 ratio,
1113 1094 1177 1157 qua
1202 1078 1302 1159 Papae
1329 1079 1462 1145 maxime
1483 1079 1609 1143 adducii
1652 1116 1653 1145 ;

642 1261 723 1330 omni
752 1278 845 1342 opere
875 1255 1124 1336 contenderunt,
1158 1277 1198 1321 ne
1229 1256 1319 1321 bonis
1351 1257 1447 1322 literis
1479 1255 1610 1339 pristina

636 1441 770 1528 dignitas
790 1435 1009 1505 restitueretur.
1051 1435 1153 1516 Nam,
1174 1435 1332 1518 postquam
1353 1434 1614 1500 studiahumani.

638 1622 711 1690 tatis
736 1641 771 1687 ac
798 1617 952 1684 literarum
973 1615 1011 1680 ab
1032 1612 1157 1678 interitu
1175 1612 1328 1678 vindicata
1349 1613 1437 1694 sunt,
1465 1613 1524 1679 viri
1546 1614 1611 1677 im-

638 1799 783 1868 mortales
803 1797 942 1862 doctrina
963 1793 1081 1860 animos
1101 1791 1238 1856 excolere
1255 1793 1447 1873 coeperunt‚'
1467 1807 1499 1856 et
1521 1789 1611 1856 asu-

636 1979 811 2064 perstitione
843 1974 973 2040 distracti
1006 1991 1077 2038 cum
1106 1970 1172 2036 aliis
1197 1968 1365 2052 sapientiam
1386 1971 1613 2036 communica-

633 2175 725 2239 runt,
753 2172 783 2222 et
811 2123 949 2238 magnam
976 2167 1094 2236 partem
1115 2149 1291 2216 auctoritati
1309 2149 1489 2216 Pontificum
1511 2148 1610 2214 exiti-

631 2357 683 2402 um
705 2336 865 2401 dederunt.
889 2333 949 2420 (*)

674 2515 736 2582 Sed
750 2511 788 2580 ad
799 2527 914 2596 partem
928 2511 1092 2592 sermonis,
1114 2511 1198 2575 unde
1211 2510 1329 2594 digrcssi
1350 2509 1474 2590 sumus,
1494 2525 1601 2572 rever-

629 2713 742 2762 tamur.
784 2691 951 2761 Pontifices
971 2695 1050 2759 bene
1070 2683 1300 2770 intellexerunt,
1328 2687 1404 2753 nihil
1424 2675 1485 2752 suis
1507 2699 1597 2755 com-

626 2874 729 2939 modis
756 2871 930 2937 conducere
952 2872 1067 2952 magis,
1095 2891 1187 2951 quam
1208 2871 1230 2937 fi
1253 2890 1360 2935 omnes
1381 2868 1522 2939 homines
1540 2874 1595 2957 ju-

1531 3039 1593 3104 ris-

665 3214 751 3283 Duei
780 3214 897 3282 Albano
921 3214 1109 3303 Ultrajeiiini
1127 3215 1251 3299 frustra
1278 3193 1467 3302 oppinebam.
1508 3216 1585 3282 Vid.
1652 3267 1653 3294 n

664 3318 804 3363 wnauua
826 3300 866 3363 V.
892 3300 936 3365 H.
957 3302 995 3365 T.
1017 3302 1073 3365 Vl.
1091 3317 1129 3384 p.
1154 3320 1227 3385 313·
1251 3302 1336 3365 conf.
1357 3320 1502 3366 avncsou
1516 3302 1585 3367 Vit.

663 3384 747 3551 ξξέ.
777 3382 821 3447 II.
852 3382 889 3447 T.
912 3382 957 3449 ΙΙ.
979 3401 1025 3498 p.¹
1053 3400 1124 3467 147.
1148 3399 1179 3447 et
1200 3402 1361 3449 cucusum
1389 3385 1426 3450 T.
1455 3385 1516 3451 III.
1538 3404 1581 3472 p.

620 3633 677 3718 (⁸)
700 3630 771 3700 Non
802 3646 920 3698 tantum
940 3631 1036 3709 belia,
1064 3653 1142 3718 quae
1163 3630 1319 3715 Pontifices
1338 3634 1417 3697 inter
1436 3647 1465 3699 et
1486 3632 1585 3717 Impe-

659 3734 772 3783 ratores
782 3734 841 3803 per
855 3717 919 3784 600
934 3736 1025 3779 annos
1036 3712 1171 3800 graffata
1191 3714 1287 3797 sunt,
1308 3716 1399 3801 (Vici.
1415 3736 1584 3782 aauznnnu
1652 3757 1653 3762 κ

659 3800 698 3863 Τ.
722 3800 749 3863 Ι.
767 3816 804 3885 p.
827 3812 901 3884 509.
923 3816 953 3865 et
974 3817 1133 3864 muncuan
1148 3799 1313 3885 Fragmens
1333 3799 1369 3865 de
1390 3799 1526 3882 Politicq.
1548 3815 1582 3864 ct
1652 3807 1653 3812 ’

657 3880 774 3962 d'Hist.
798 3882 834 3945 T.
857 3881 915 3947 ill.
932 3898 969 3965 p.
989 3880 1084 3966 299.)
1105 3902 1197 3964 neque
1224 3882 1400 3947 Concilium
1429 3880 1581 3948 Constan-

658 3961 736 4039 tine,
763 3964 842 4048 quod
865 3966 1020 4049 Paparum
1040 3965 1213 4029 aucioritati
1241 3966 1431 4031 Conciliomm
1449 3965 1580 4050 subjecit

657 4040 739 4123 (an
774 4064 938 4111 nmznnnu
961 4046 1037 4116 Hm.
1060 4046 1140 4111 Gall.
1163 4047 1200 4110 T.
1220 4046 1280 4111 Ill.
1296 4064 1331 4131 p.
1358 4066 1430 4133 191.
1448 4065 1477 4113 et
1499 4069 1581 4114 nnu-

655 4142 725 4189 an
748 4126 825 4206 Hist.
854 4133 951 4217 Angl.
980 4130 1017 4193 T.
1047 4129 1076 4193 Ι.
1098 4144 1134 4215 p.
1161 4128 1258 4214 289.)
1285 4148 1429 4215 quantum
1458 4134 1581 4217 quidem

627 4284 629 4289 ,
654 4207 850 4290 reformatio,
875 4235 953 4298 quae
982 4215 1095 4277 renatis
1125 4216 1218 4277 literis
1246 4219 1389 4299 originem
1410 4213 1500 4295 fitam
1528 4217 1579 4279 fle-

652 4292 721 4365 lm,
754 4291 932 4375 Pontificum
962 4299 1116 4360 interium
1146 4296 1290 4361 delerant.
1327 4296 1399 4361 Vid.
1423 4318 1576 4365 Raunnu.

651 4372 833 4464 susp-Phil.
852 4377 917 4442 Pol.
935 4377 971 4441 T.
992 4312 1022 4441 ἴ
1034 4395 1074 4463 p.
1093 4379 1165 4464 196.
1182 4396 1210 4445 et
1225 4383 1361 4468 inprimis
1378 4401 1574 4449 nonnam.

646 4460 730 4539 Hui.
753 4456 826 4524 Car.
849 4460 888 4526 V.
912 4459 950 4527 T.
971 4457 1032 4526 Ill.
1046 4477 1085 4547 p.
1109 4480 1182 4529 221.
