3725 5750
549 835 613 906 DE
650 829 980 922 JUREJURANDO·
1075 955 1079 964 1
1207 853 1255 929 43

266 1070 338 1136 qao
363 1050 508 1134 agimus,
525 1049 592 1134 jure
611 1045 738 1129 antiquo
759 1045 918 1130 cognitum
940 1044 1066 1131 quidem
1088 1043 1150 1112 fuit
1174 1047 1253 1116 illud

269 1248 305 1304 et
328 1230 523 1309 adhibitum,
543 1226 594 1292 sed
612 1226 829 1293 tantummodo
849 1225 882 1290 itt
900 1223 938 1290 iis
956 1225 1072 1308 caufis,
1086 1223 1117 1291 in
1135 1228 1251 1313 quibus

269 1411 442 1476 hominnm
466 1400 559 1475 arrimi
579 1405 671 1490 proni
691 1404 731 1472 ad
751 1404 831 1471 rixas
854 1420 886 1471 et
905 1406 1059 1488 proclives
1077 1405 1250 1491 judicaren-

271 1611 339 1661 tur.
385 1589 510 1658 Eodem
532 1589 602 1675 iure
625 1584 744 1669 semper
767 1584 974 1669 praestabatur
998 1585 1037 1657 ab
1065 1605 1126 1652 una
1145 1603 1251 1673 parte,

274 1773 298 1838 fi
319 1769 443 1857 judicia
460 1773 554 1836 mixta
574 1769 727 1852 excipias,
749 1767 836 1852 quod
854 1785 920 1832 non
932 1765 1104 1870 observavit
1120 1785 1253 1852 Jrraus

275 1974 299 2019 a
323 1970 466 2018 cosrr
486 1951 526 2017 ad
546 1953 578 2034 ς.
601 1969 632 2017 1.
654 1947 754 2028 Instit.
779 1945 816 2012 de
830 1946 931 2014 Poena
948 1961 1056 2016 temere
1069 1951 1151 2035 lirig.
1173 1947 1256 2014 forte

277 2140 353 2217 quia
377 2149 445 2197 nort
468 2127 645 2212 diligentius
660 2125 820 2212 perlegerit
838 2124 880 2194 L.
893 2147 947 2215 44.
962 2129 993 2212 5,
1005 2148 1039 2213 4.¹
1056 2125 1255 2215 D.desamt'1.

275 2315 392 2377 excise.
428 2305 516 2374 conf.
544 2326 662 2373 arreti.
689 2286 763 2386 Obs.
784 2303 865 2390 Jur.
888 2308 980 2377 Rom.
1005 2307 1045 2376 L.
1062 2305 1135 2377 VII.
1158 2311 1196 2377 C.
1218 2271 1253 2398 §.

279 2503 310 2553 et
332 2507 420 2554 vara
442 2484 526 2554 narr
547 2505 710 2557 r1rrnrr1r
729 2486 878 2574 Supplerr.
900 2451 949 2556 M,
965 2437 1114 2555 voreru
1140 2491 1253 2566 Comm,

280 2669 356 2734 sert.
375 2688 407 2736 1.
417 2685 458 2755 p.
473 2686 525 2754 77.
546 2668 641 2734 Ratio
653 2679 777 2748 autem,
789 2686 848 2733 eur
863 2666 980 2752 judicia
997 2666 1091 2734 mixta
1103 2667 1259 2752 excipian-

281 2859 353 2928 tur,
377 2865 447 2914 non
464 2851 555 2933 longe
574 2845 619 2913 est
636 2847 827 2933 quaerenda:
849 2844 882 2912 in
904 2844 1031 2931 judiciis
1056 2791 1185 2933 mitris,¹
1205 2869 1258 2917 ca-

284 3027 401 3093 lumnia
426 3027 465 3092 ab
484 3041 615 3110 utraque
635 3045 722 3112 parte
738 3027 873 3095 timenda
892 3026 1036 3109 videtur,
1053 3029 1088 3095 in
1109 2994 1174 3097 aliis
1191 3032 1259 3115 ple·

287 3206 390 3289 risque
413 3207 514 3275 causas
534 3209 573 3274 ab
595 3226 657 3275 una
676 3225 763 3295 parte
783 3222 914 3274 tanturn.
957 3208 1075 3291 Atqui,
1088 3210 1141 3275 ubi
1153 3208 1258 3277 eadent

288 3384 331 3449 est
357 3387 457 3468 tatiO‚
485 3388 566 3454 idem
589 3388 626 3454 fit
653 3388 800 3473 effectus,
828 3409 903 3475 ergo
930 3389 1036 3455 cautio
1063 3388 1101 3455 ab
1127 3400 1259 3468 utraque

288 3579 376 3647 parte
397 3563 588 3655 praestetur,
608 3584 682 3631 cum
703 3569 741 3635 ab
760 3585 891 3651 utraque
910 3582 997 3670 parte
1016 3570 1188 3655 perieulum
1204 3572 1263 3638 im·

288 3748 420 3812 mineat.
459 3740 648 3827 juffirranus
667 3764 743 3812 vero
764 3765 829 3816 non
846 3744 1004 3813 revocavit
1027 3744 1118 3810 usum
1134 3747 1262 3836 jurisju-

291 3922 381 3993 randi
400 3922 441 3991 de
457 3925 629 4009 calumnia,
650 3924 702 3994 sed
720 3926 798 3993 illud
823 3926 1037 4011 amplificavit,
1059 3928 1205 4015 quoniam
1223 3929 1262 3997 ab

294 4113 425 4191 utraque
446 4104 585 4196 partein
606 4106 752 4181 omnibus
771 4109 898 4200 omnino
918 4110 1025 4183 litibus
1046 4110 1182 4185 adhiberi
1204 4130 1262 4178 vo·

1182 4278 1261 4366 luit,
