<?xml version="1.0" encoding="UTF-8"?>
<!DOCTYPE html PUBLIC "-//W3C//DTD XHTML 1.0 Transitional//EN"
    "http://www.w3.org/TR/xhtml1/DTD/xhtml1-transitional.dtd">
<html xmlns="http://www.w3.org/1999/xhtml" xml:lang="en" lang="en">
 <head>
  <title>
</title>
<meta http-equiv="Content-Type" content="text/html;charset=utf-8" />
  <meta name='ocr-system' content='tesseract 3.04.00' />
  <meta name='ocr-capabilities' content='ocr_page ocr_carea ocr_par ocr_line ocrx_word'/>
</head>
<body>
  <div class='ocr_page' id='page_1' title='image "./inauguraleselec00desgoog_0106.png"; bbox 0 0 3725 5750; ppageno 0'>
   <div class='ocr_carea' id='block_1_1' title="bbox 614 801 1317 918">
    <p class='ocr_par' dir='ltr' id='par_1_1' title="bbox 614 801 1317 918">
     <span class='ocr_line' id='line_1_1' title="bbox 614 801 1317 918; baseline 0 -28"><span class='ocrx_word' id='word_1_1' title='bbox 614 825 658 918; x_wconf 74' lang='lat' dir='ltr'><strong>‚a</strong></span> <span class='ocrx_word' id='word_1_2' title='bbox 874 801 1317 892; x_wconf 71' lang='lat' dir='ltr'><strong>ousrn&#39;vn&#39;rrortrs‘</strong></span> 
     </span>
    </p>
   </div>
   <div class='ocr_carea' id='block_1_2' title="bbox 588 1017 1595 3813">
    <p class='ocr_par' dir='ltr' id='par_1_2' title="bbox 588 1017 1595 3813">
     <span class='ocr_line' id='line_1_2' title="bbox 606 1017 1595 1116; baseline -0.011 -14"><span class='ocrx_word' id='word_1_3' title='bbox 606 1035 689 1104; x_wconf 80' lang='lat' dir='ltr'><strong>dom</strong></span> <span class='ocrx_word' id='word_1_4' title='bbox 709 1031 769 1112; x_wconf 90' lang='lat' dir='ltr'><strong>illi,</strong></span> <span class='ocrx_word' id='word_1_5' title='bbox 791 1025 845 1112; x_wconf 88' lang='lat' dir='ltr'><strong>qui</strong></span> <span class='ocrx_word' id='word_1_6' title='bbox 858 1028 1009 1095; x_wconf 88' lang='lat' dir='ltr'><strong>summum</strong></span> <span class='ocrx_word' id='word_1_7' title='bbox 1020 1028 1183 1112; x_wconf 88' lang='lat' dir='ltr'><strong>imperium</strong></span> <span class='ocrx_word' id='word_1_8' title='bbox 1206 1045 1379 1116; x_wconf 88' lang='lat' dir='ltr'><strong>appetunt,</strong></span> <span class='ocrx_word' id='word_1_9' title='bbox 1399 1049 1466 1096; x_wconf 88' lang='lat' dir='ltr'><strong>non</strong></span> <span class='ocrx_word' id='word_1_10' title='bbox 1479 1017 1595 1094; x_wconf 73' lang='lat' dir='ltr'><strong>&#39;statim</strong></span> 
     </span>
     <span class='ocr_line' id='line_1_3' title="bbox 611 1206 1593 1292; baseline -0.007 -12"><span class='ocrx_word' id='word_1_11' title='bbox 611 1206 643 1280; x_wconf 85' lang='lat' dir='ltr'><strong>se</strong></span> <span class='ocrx_word' id='word_1_12' title='bbox 662 1206 902 1292; x_wconf 84' lang='lat' dir='ltr'>quibuscunque</span> <span class='ocrx_word' id='word_1_13' title='bbox 928 1207 1060 1292; x_wconf 89' lang='lat' dir='ltr'><strong>negotiis</strong></span> <span class='ocrx_word' id='word_1_14' title='bbox 1085 1207 1273 1290; x_wconf 81' lang='lat' dir='ltr'><strong>immiscent,</strong></span> <span class='ocrx_word' id='word_1_15' title='bbox 1300 1209 1351 1276; x_wconf 83' lang='lat' dir='ltr'><strong>sed</strong></span> <span class='ocrx_word' id='word_1_16' title='bbox 1379 1210 1593 1276; x_wconf 87' lang='lat' dir='ltr'><strong>anonnulla·</strong></span> 
     </span>
     <span class='ocr_line' id='line_1_4' title="bbox 608 1385 1592 1470; baseline -0.002 -16"><span class='ocrx_word' id='word_1_17' title='bbox 608 1403 793 1458; x_wconf 83' lang='lat' dir='ltr'><strong>tumrerum</strong></span> <span class='ocrx_word' id='word_1_18' title='bbox 805 1405 902 1470; x_wconf 82' lang='lat' dir='ltr'><strong>cura,</strong></span> <span class='ocrx_word' id='word_1_19' title='bbox 923 1385 986 1454; x_wconf 84' lang='lat' dir='ltr'><strong>tuis</strong></span> <span class='ocrx_word' id='word_1_20' title='bbox 999 1387 1171 1455; x_wconf 84' lang='lat' dir='ltr'><strong>commodis</strong></span> <span class='ocrx_word' id='word_1_21' title='bbox 1182 1388 1311 1454; x_wconf 83' lang='lat' dir='ltr'><strong>maxime</strong></span> <span class='ocrx_word' id='word_1_22' title='bbox 1331 1385 1592 1468; x_wconf 81' lang='lat' dir='ltr'><strong>inservientium,</strong></span> 
     </span>
     <span class='ocr_line' id='line_1_5' title="bbox 610 1533 1592 1652; baseline -0.002 -20"><span class='ocrx_word' id='word_1_23' title='bbox 610 1565 774 1634; x_wconf 82' lang='lat' dir='ltr'><strong>exordium</strong></span> <span class='ocrx_word' id='word_1_24' title='bbox 801 1567 940 1648; x_wconf 91' lang='lat' dir='ltr'><strong>ducunt,</strong></span> <span class='ocrx_word' id='word_1_25' title='bbox 968 1581 1005 1632; x_wconf 91' lang='lat' dir='ltr'><strong>ut</strong></span> <span class='ocrx_word' id='word_1_26' title='bbox 1028 1567 1072 1634; x_wconf 87' lang='lat' dir='ltr'><strong>ita</strong></span> <span class='ocrx_word' id='word_1_27' title='bbox 1099 1568 1244 1652; x_wconf 82' lang='lat' dir='ltr'><strong>paulatim</strong></span> <span class='ocrx_word' id='word_1_28' title='bbox 1271 1533 1311 1636; x_wconf 82' lang='lat' dir='ltr'><strong>ad</strong></span> <span class='ocrx_word' id='word_1_29' title='bbox 1336 1567 1407 1649; x_wconf 83' lang='lat' dir='ltr'><strong>illa,</strong></span> <span class='ocrx_word' id='word_1_30' title='bbox 1441 1586 1527 1648; x_wconf 89' lang='lat' dir='ltr'><strong>quae</strong></span> <span class='ocrx_word' id='word_1_31' title='bbox 1557 1565 1592 1631; x_wconf 90' lang='lat' dir='ltr'><strong>in</strong></span> 
     </span>
     <span class='ocr_line' id='line_1_6' title="bbox 612 1743 1591 1833; baseline -0.008 -17"><span class='ocrx_word' id='word_1_32' title='bbox 612 1747 698 1832; x_wconf 88' lang='lat' dir='ltr'><strong>Rep.</strong></span> <span class='ocrx_word' id='word_1_33' title='bbox 726 1743 843 1814; x_wconf 88' lang='lat' dir='ltr'><strong>summa</strong></span> <span class='ocrx_word' id='word_1_34' title='bbox 863 1743 953 1828; x_wconf 88' lang='lat' dir='ltr'><strong>sunt,</strong></span> <span class='ocrx_word' id='word_1_35' title='bbox 972 1745 1095 1812; x_wconf 88' lang='lat' dir='ltr'><strong>tandem</strong></span> <span class='ocrx_word' id='word_1_36' title='bbox 1121 1747 1284 1833; x_wconf 86' lang='lat' dir='ltr'><strong>aliquando</strong></span> <span class='ocrx_word' id='word_1_37' title='bbox 1309 1745 1511 1832; x_wconf 68' lang='lat' dir='ltr'><strong>perveniente</strong></span> <span class='ocrx_word' id='word_1_38' title='bbox 1542 1743 1591 1809; x_wconf 90' lang='lat' dir='ltr'><strong>fic</strong></span> 
     </span>
     <span class='ocr_line' id='line_1_7' title="bbox 614 1922 1591 2012; baseline -0.012 -13"><span class='ocrx_word' id='word_1_39' title='bbox 614 1927 782 2000; x_wconf 79' lang='lat' dir='ltr'><strong>Pontifices</strong></span> <span class='ocrx_word' id='word_1_40' title='bbox 807 1945 875 2008; x_wconf 81' lang='lat' dir='ltr'><strong>rea,</strong></span> <span class='ocrx_word' id='word_1_41' title='bbox 897 1943 976 2010; x_wconf 88' lang='lat' dir='ltr'><strong>quae</strong></span> <span class='ocrx_word' id='word_1_42' title='bbox 994 1925 1035 1994; x_wconf 89' lang='lat' dir='ltr'><strong>ad</strong></span> <span class='ocrx_word' id='word_1_43' title='bbox 1053 1927 1231 2012; x_wconf 85' lang='lat' dir='ltr'><strong>religionem</strong></span> <span class='ocrx_word' id='word_1_44' title='bbox 1252 1927 1422 2012; x_wconf 82' lang='lat' dir='ltr'><strong>pertinent,</strong></span> <span class='ocrx_word' id='word_1_45' title='bbox 1442 1922 1591 1992; x_wconf 70' lang='lat' dir='ltr'><strong>auctori·</strong></span> 
     </span>
     <span class='ocr_line' id='line_1_8' title="bbox 613 2102 1590 2192; baseline -0.012 -14"><span class='ocrx_word' id='word_1_46' title='bbox 613 2108 672 2178; x_wconf 84' lang='lat' dir='ltr'><strong>tati</strong></span> <span class='ocrx_word' id='word_1_47' title='bbox 690 2104 762 2174; x_wconf 87' lang='lat' dir='ltr'><strong>suae</strong></span> <span class='ocrx_word' id='word_1_48' title='bbox 788 2103 954 2192; x_wconf 87' lang='lat' dir='ltr'><strong>subjicere,</strong></span> <span class='ocrx_word' id='word_1_49' title='bbox 984 2119 1017 2171; x_wconf 86' lang='lat' dir='ltr'><strong>et</strong></span> <span class='ocrx_word' id='word_1_50' title='bbox 1037 2105 1184 2191; x_wconf 86' lang='lat' dir='ltr'><strong>deinceps</strong></span> <span class='ocrx_word' id='word_1_51' title='bbox 1214 2106 1323 2189; x_wconf 87' lang='lat' dir='ltr'><strong>quavis</strong></span> <span class='ocrx_word' id='word_1_52' title='bbox 1348 2105 1466 2173; x_wconf 87' lang='lat' dir='ltr'><strong>ratione</strong></span> <span class='ocrx_word' id='word_1_53' title='bbox 1491 2102 1590 2168; x_wconf 88' lang='lat' dir='ltr'><strong>Prin·</strong></span> 
     </span>
     <span class='ocr_line' id='line_1_9' title="bbox 609 2283 1588 2372; baseline -0.008 -18"><span class='ocrx_word' id='word_1_54' title='bbox 609 2284 716 2372; x_wconf 87' lang='lat' dir='ltr'><strong>cipum</strong></span> <span class='ocrx_word' id='word_1_55' title='bbox 737 2299 769 2350; x_wconf 93' lang='lat' dir='ltr'><strong>et</strong></span> <span class='ocrx_word' id='word_1_56' title='bbox 787 2286 975 2368; x_wconf 87' lang='lat' dir='ltr'><strong>populorum</strong></span> <span class='ocrx_word' id='word_1_57' title='bbox 995 2284 1129 2371; x_wconf 77' lang='lat' dir='ltr'><strong>negotiis</strong></span> <span class='ocrx_word' id='word_1_58' title='bbox 1148 2283 1180 2352; x_wconf 89' lang='lat' dir='ltr'><strong>se</strong></span> <span class='ocrx_word' id='word_1_59' title='bbox 1200 2284 1367 2352; x_wconf 83' lang='lat' dir='ltr'><strong>immiscere</strong></span> <span class='ocrx_word' id='word_1_60' title='bbox 1393 2295 1588 2366; x_wconf 84' lang='lat' dir='ltr'><strong>coeperunt,</strong></span> 
     </span>
     <span class='ocr_line' id='line_1_10' title="bbox 611 2461 1585 2551; baseline -0.004 -19"><span class='ocrx_word' id='word_1_61' title='bbox 611 2463 712 2532; x_wconf 88' lang='lat' dir='ltr'><strong>donec</strong></span> <span class='ocrx_word' id='word_1_62' title='bbox 734 2483 773 2530; x_wconf 91' lang='lat' dir='ltr'><strong>eo</strong></span> <span class='ocrx_word' id='word_1_63' title='bbox 794 2483 894 2548; x_wconf 87' lang='lat' dir='ltr'><strong>usque</strong></span> <span class='ocrx_word' id='word_1_64' title='bbox 920 2464 1065 2551; x_wconf 85' lang='lat' dir='ltr'><strong>progteffi</strong></span> <span class='ocrx_word' id='word_1_65' title='bbox 1085 2463 1176 2548; x_wconf 90' lang='lat' dir='ltr'><strong>sunt,</strong></span> <span class='ocrx_word' id='word_1_66' title='bbox 1207 2481 1243 2530; x_wconf 90' lang='lat' dir='ltr'><strong>ut</strong></span> <span class='ocrx_word' id='word_1_67' title='bbox 1263 2464 1440 2532; x_wconf 89' lang='lat' dir='ltr'><strong>hominibus</strong></span> <span class='ocrx_word' id='word_1_68' title='bbox 1459 2461 1585 2548; x_wconf 79' lang='lat' dir='ltr'><strong>persua·</strong></span> 
     </span>
     <span class='ocr_line' id='line_1_11' title="bbox 614 2642 1583 2730; baseline -0.002 -18"><span class='ocrx_word' id='word_1_69' title='bbox 614 2645 740 2726; x_wconf 88' lang='lat' dir='ltr'><strong>derent,</strong></span> <span class='ocrx_word' id='word_1_70' title='bbox 761 2642 792 2709; x_wconf 90' lang='lat' dir='ltr'><strong>se</strong></span> <span class='ocrx_word' id='word_1_71' title='bbox 812 2645 991 2712; x_wconf 89' lang='lat' dir='ltr'><strong>conditione</strong></span> <span class='ocrx_word' id='word_1_72' title='bbox 1011 2645 1070 2711; x_wconf 83' lang='lat' dir='ltr'><strong>effe</strong></span> <span class='ocrx_word' id='word_1_73' title='bbox 1089 2645 1223 2711; x_wconf 89' lang='lat' dir='ltr'><strong>humana</strong></span> <span class='ocrx_word' id='word_1_74' title='bbox 1233 2643 1384 2730; x_wconf 84' lang='lat' dir='ltr'><strong>majores,</strong></span> <span class='ocrx_word' id='word_1_75' title='bbox 1406 2647 1583 2716; x_wconf 79' lang='lat' dir='ltr'><strong>mortalium</strong></span> 
     </span>
     <span class='ocr_line' id='line_1_12' title="bbox 614 2823 1581 2911; baseline -0.001 -19"><span class='ocrx_word' id='word_1_76' title='bbox 614 2823 821 2893; x_wconf 85' lang='lat' dir='ltr'><strong>inbecillitatis</strong></span> <span class='ocrx_word' id='word_1_77' title='bbox 847 2826 973 2895; x_wconf 88' lang='lat' dir='ltr'><strong>minime</strong></span> <span class='ocrx_word' id='word_1_78' title='bbox 997 2825 1161 2911; x_wconf 80' lang='lat' dir='ltr'><strong>participes</strong></span> <span class='ocrx_word' id='word_1_79' title='bbox 1188 2823 1296 2911; x_wconf 85' lang='lat' dir='ltr'><strong>(quod</strong></span> <span class='ocrx_word' id='word_1_80' title='bbox 1324 2827 1363 2893; x_wconf 91' lang='lat' dir='ltr'><strong>de</strong></span> <span class='ocrx_word' id='word_1_81' title='bbox 1388 2823 1418 2891; x_wconf 88' lang='lat' dir='ltr'><strong>se</strong></span> <span class='ocrx_word' id='word_1_82' title='bbox 1445 2825 1506 2909; x_wconf 83' lang='lat' dir='ltr'><strong>ipse</strong></span> <span class='ocrx_word' id='word_1_83' title='bbox 1531 2826 1581 2911; x_wconf 85' lang='lat' dir='ltr'><strong>ja·</strong></span> 
     </span>
     <span class='ocr_line' id='line_1_13' title="bbox 611 3002 1577 3087; baseline 0 -16"><span class='ocrx_word' id='word_1_84' title='bbox 611 3003 811 3087; x_wconf 78' lang='lat' dir='ltr'><strong>etabatPapa</strong></span> <span class='ocrx_word' id='word_1_85' title='bbox 832 3022 1089 3075; x_wconf 79' lang='lat' dir='ltr'><strong>onroonrus.</strong></span> <span class='ocrx_word' id='word_1_86' title='bbox 1108 3004 1182 3072; x_wconf 78' lang='lat' dir='ltr'><strong>Vsd.</strong></span> <span class='ocrx_word' id='word_1_87' title='bbox 1197 3023 1363 3070; x_wconf 81' lang='lat' dir='ltr'><strong>rrrrror</strong></span> <span class='ocrx_word' id='word_1_88' title='bbox 1384 3002 1464 3087; x_wconf 76' lang='lat' dir='ltr'><strong>Htst.</strong></span> <span class='ocrx_word' id='word_1_89' title='bbox 1484 3002 1577 3071; x_wconf 80' lang='lat' dir='ltr'><strong>Mad.</strong></span> 
     </span>
     <span class='ocr_line' id='line_1_14' title="bbox 612 3182 1577 3271; baseline -0.005 -16"><span class='ocrx_word' id='word_1_90' title='bbox 612 3184 652 3255; x_wconf 87' lang='lat' dir='ltr'><strong>T.</strong></span> <span class='ocrx_word' id='word_1_91' title='bbox 674 3184 703 3253; x_wconf 88' lang='lat' dir='ltr'><strong>l.</strong></span> <span class='ocrx_word' id='word_1_92' title='bbox 715 3200 755 3271; x_wconf 87' lang='lat' dir='ltr'><strong>p.</strong></span> <span class='ocrx_word' id='word_1_93' title='bbox 778 3182 875 3270; x_wconf 82' lang='lat'><em>242.)</em></span> <span class='ocrx_word' id='word_1_94' title='bbox 896 3185 1169 3267; x_wconf 68' lang='lat' dir='ltr'><strong>auctoritatemque</strong></span> <span class='ocrx_word' id='word_1_95' title='bbox 1194 3186 1276 3251; x_wconf 90' lang='lat' dir='ltr'><strong>illam</strong></span> <span class='ocrx_word' id='word_1_96' title='bbox 1297 3184 1417 3251; x_wconf 87' lang='lat' dir='ltr'><strong>divinae</strong></span> <span class='ocrx_word' id='word_1_97' title='bbox 1437 3182 1496 3249; x_wconf 82' lang='lat' dir='ltr'><strong>effe</strong></span> <span class='ocrx_word' id='word_1_98' title='bbox 1516 3185 1577 3250; x_wconf 85' lang='lat' dir='ltr'><strong>ori·</strong></span> 
     </span>
     <span class='ocr_line' id='line_1_15' title="bbox 612 3362 1573 3450; baseline -0.004 -15"><span class='ocrx_word' id='word_1_99' title='bbox 612 3364 710 3450; x_wconf 83' lang='lat' dir='ltr'><strong>ginis,</strong></span> <span class='ocrx_word' id='word_1_100' title='bbox 733 3364 771 3431; x_wconf 88' lang='lat' dir='ltr'><strong>de</strong></span> <span class='ocrx_word' id='word_1_101' title='bbox 792 3383 853 3449; x_wconf 88' lang='lat' dir='ltr'><strong>qua</strong></span> <span class='ocrx_word' id='word_1_102' title='bbox 873 3364 1065 3449; x_wconf 84' lang='lat' dir='ltr'><strong>arrogatione</strong></span> <span class='ocrx_word' id='word_1_103' title='bbox 1084 3362 1260 3429; x_wconf 85' lang='lat' dir='ltr'><strong>Luthcrum</strong></span> <span class='ocrx_word' id='word_1_104' title='bbox 1272 3365 1352 3431; x_wconf 89' lang='lat' dir='ltr'><strong>inter</strong></span> <span class='ocrx_word' id='word_1_105' title='bbox 1371 3378 1403 3428; x_wconf 89' lang='lat' dir='ltr'><strong>et</strong></span> <span class='ocrx_word' id='word_1_106' title='bbox 1415 3363 1573 3446; x_wconf 77' lang='lat' dir='ltr'><strong>Eetion,</strong></span> 
     </span>
     <span class='ocr_line' id='line_1_16' title="bbox 588 3540 1570 3628; baseline -0.003 -15"><span class='ocrx_word' id='word_1_107' title='bbox 588 3610 590 3615; x_wconf 89' lang='grc'>,</span> <span class='ocrx_word' id='word_1_108' title='bbox 611 3543 692 3611; x_wconf 88' lang='lat' dir='ltr'><strong>duos</strong></span> <span class='ocrx_word' id='word_1_109' title='bbox 705 3540 967 3627; x_wconf 85' lang='lat' dir='ltr'><strong>praestantiffimos</strong></span> <span class='ocrx_word' id='word_1_110' title='bbox 984 3540 1089 3625; x_wconf 84' lang='lat' dir='ltr'><strong>viros,</strong></span> <span class='ocrx_word' id='word_1_111' title='bbox 1110 3542 1177 3627; x_wconf 90' lang='lat' dir='ltr'><strong>pari</strong></span> <span class='ocrx_word' id='word_1_112' title='bbox 1196 3558 1363 3627; x_wconf 87' lang='lat' dir='ltr'><strong>utrumque</strong></span> <span class='ocrx_word' id='word_1_113' title='bbox 1383 3540 1570 3628; x_wconf 84' lang='lat' dir='ltr'><strong>eruditione,</strong></span> 
     </span>
     <span class='ocr_line' id='line_1_17' title="bbox 610 3719 1570 3813; baseline 0.001 -22"><span class='ocrx_word' id='word_1_114' title='bbox 610 3742 738 3808; x_wconf 86' lang='lat' dir='ltr'><strong>magnae</strong></span> <span class='ocrx_word' id='word_1_115' title='bbox 757 3722 882 3791; x_wconf 82' lang='lat' dir='ltr'><strong>fuemnt</strong></span> <span class='ocrx_word' id='word_1_116' title='bbox 895 3719 1139 3805; x_wconf 84' lang='lat' dir='ltr'><strong>controverfiae,</strong></span> <span class='ocrx_word' id='word_1_117' title='bbox 1159 3723 1282 3808; x_wconf 81' lang='lat' dir='ltr'><strong>Lipsiae</strong></span> <span class='ocrx_word' id='word_1_118' title='bbox 1292 3728 1356 3795; x_wconf 89' lang='lat' dir='ltr'><strong>Ao.</strong></span> <span class='ocrx_word' id='word_1_119' title='bbox 1373 3740 1456 3813; x_wconf 81' lang='lat'>1520</span> <span class='ocrx_word' id='word_1_120' title='bbox 1474 3727 1570 3811; x_wconf 91' lang='lat' dir='ltr'><strong>publi·</strong></span> 
     </span>
    </p>
   </div>
   <div class='ocr_carea' id='block_1_3' title="bbox 608 3878 1568 3989">
    <p class='ocr_par' dir='ltr' id='par_1_3' title="bbox 608 3878 1568 3989">
     <span class='ocr_line' id='line_1_18' title="bbox 608 3878 1568 3989; baseline 0.003 -22"><span class='ocrx_word' id='word_1_121' title='bbox 608 3920 646 3968; x_wconf 77' lang='lat' dir='ltr'><strong>ee</strong></span> <span class='ocrx_word' id='word_1_122' title='bbox 666 3903 820 3989; x_wconf 57' lang='lat' dir='ltr'><strong>agnatus</strong></span> <span class='ocrx_word' id='word_1_123' title='bbox 839 3904 914 3971; x_wconf 84' lang='lat' dir='ltr'><strong>vra.</strong></span> <span class='ocrx_word' id='word_1_124' title='bbox 937 3922 1180 3971; x_wconf 64' lang='lat' dir='ltr'><strong>torrem.</strong></span> <span class='ocrx_word' id='word_1_125' title='bbox 1201 3878 1281 3989; x_wconf 70' lang='lat' dir='ltr'><strong>mse.</strong></span> <span class='ocrx_word' id='word_1_126' title='bbox 1301 3908 1374 3977; x_wconf 67' lang='lat' dir='ltr'><strong>car.</strong></span> <span class='ocrx_word' id='word_1_127' title='bbox 1392 3910 1434 3977; x_wconf 64' lang='grc' dir='ltr'><strong>ι’.</strong></span> <span class='ocrx_word' id='word_1_128' title='bbox 1455 3906 1491 3974; x_wconf 84' lang='lat' dir='ltr'><strong>r.</strong></span> <span class='ocrx_word' id='word_1_129' title='bbox 1509 3904 1568 3972; x_wconf 82' lang='lat' dir='ltr'><strong>tn.</strong></span> 
     </span>
    </p>
   </div>
   <div class='ocr_carea' id='block_1_4' title="bbox 602 4058 1567 4188">
    <p class='ocr_par' dir='ltr' id='par_1_4' title="bbox 602 4058 1567 4188">
     <span class='ocr_line' id='line_1_19' title="bbox 602 4058 1567 4188; baseline 0.001 -36"><span class='ocrx_word' id='word_1_130' title='bbox 602 4092 643 4166; x_wconf 72' lang='lat' dir='ltr'><strong>p·</strong></span> <span class='ocrx_word' id='word_1_131' title='bbox 665 4094 741 4163; x_wconf 83' lang='lat'><strong>204·</strong></span> <span class='ocrx_word' id='word_1_132' title='bbox 782 4082 827 4149; x_wconf 90' lang='lat' dir='ltr'><strong>Et</strong></span> <span class='ocrx_word' id='word_1_133' title='bbox 847 4058 1008 4167; x_wconf 71' lang='lat' dir='ltr'><strong>profesto,</strong></span> <span class='ocrx_word' id='word_1_134' title='bbox 1034 4102 1094 4167; x_wconf 89' lang='lat' dir='ltr'><strong>pro</strong></span> <span class='ocrx_word' id='word_1_135' title='bbox 1113 4098 1290 4168; x_wconf 91' lang='lat' dir='ltr'><strong>temporum</strong></span> <span class='ocrx_word' id='word_1_136' title='bbox 1318 4088 1471 4176; x_wconf 86' lang='lat' dir='ltr'><strong>ruditate,</strong></span> <span class='ocrx_word' id='word_1_137' title='bbox 1496 4105 1567 4188; x_wconf 81' lang='lat' dir='ltr'><strong>qua·</strong></span> 
     </span>
    </p>
   </div>
   <div class='ocr_carea' id='block_1_5' title="bbox 468 4254 1623 4352">
    <p class='ocr_par' dir='ltr' id='par_1_5' title="bbox 468 4254 1623 4352">
     <span class='ocr_line' id='line_1_20' title="bbox 468 4254 1623 4352; baseline 0.01 -31"><span class='ocrx_word' id='word_1_138' title='bbox 468 4336 469 4340; x_wconf 7' lang='grc' dir='ltr'><strong>Ἰ</strong></span> <span class='ocrx_word' id='word_1_139' title='bbox 609 4254 807 4341; x_wconf 83' lang='lat' dir='ltr'><strong>lemcunque&#39;</strong></span> <span class='ocrx_word' id='word_1_140' title='bbox 821 4262 1000 4345; x_wconf 84' lang='lat' dir='ltr'><strong>opinionem</strong></span> <span class='ocrx_word' id='word_1_141' title='bbox 1026 4262 1188 4336; x_wconf 86' lang='lat' dir='ltr'><strong>hominum</strong></span> <span class='ocrx_word' id='word_1_142' title='bbox 1208 4263 1318 4341; x_wconf 77' lang='lat' dir='ltr'><strong>amnis</strong></span> <span class='ocrx_word' id='word_1_143' title='bbox 1338 4268 1493 4338; x_wconf 87' lang='lat' dir='ltr'><strong>inculcare</strong></span> <span class='ocrx_word' id='word_1_144' title='bbox 1510 4284 1564 4332; x_wconf 88' lang='lat' dir='ltr'><strong>nor</strong></span> <span class='ocrx_word' id='word_1_145' title='bbox 1622 4333 1623 4352; x_wconf 13' lang='grc' dir='ltr'>χ</span> 
     </span>
    </p>
   </div>
   <div class='ocr_carea' id='block_1_6' title="bbox 617 4422 1623 4524">
    <p class='ocr_par' dir='ltr' id='par_1_6' title="bbox 617 4422 1623 4524">
     <span class='ocr_line' id='line_1_21' title="bbox 617 4422 1623 4524; baseline 0.005 -33"><span class='ocrx_word' id='word_1_146' title='bbox 617 4434 681 4493; x_wconf 85' lang='lat' dir='ltr'><strong>etat</strong></span> <span class='ocrx_word' id='word_1_147' title='bbox 702 4422 834 4499; x_wconf 83' lang='lat' dir='ltr'><strong>difficile.</strong></span> <span class='ocrx_word' id='word_1_148' title='bbox 1488 4433 1566 4524; x_wconf 83' lang='lat' dir='ltr'><strong>Quae</strong></span> <span class='ocrx_word' id='word_1_149' title='bbox 1622 4423 1623 4426; x_wconf 70' lang='grc'>’</span> 
     </span>
    </p>
   </div>
   <div class='ocr_carea' id='block_1_7' title="bbox 0 0 1868 5750">
    <p class='ocr_par' dir='ltr' id='par_1_7' title="bbox 0 0 1868 5750">
     <span class='ocr_line' id='line_1_22' title="bbox 0 0 1868 5750; baseline 0 7"><span class='ocrx_word' id='word_1_150' title='bbox 0 0 1868 5750; x_wconf 95' lang='lat' dir='ltr'><strong> </strong></span> 
     </span>
    </p>
   </div>
  </div>
 </body>
</html>
