3725 5750
608 786 628 850 8
868 777 1310 854 OBSERVATIONES

607 988 642 1059 lu
659 991 740 1060 vitae
757 991 857 1060 civilis
881 991 937 1057 usu
959 991 1171 1060 conformale.
1213 988 1321 1079 Quid?
1343 987 1427 1071 quod
1448 1006 1593 1072 perver-

607 1167 680 1239 litas
700 1169 833 1240 humana
852 1190 891 1238 eo
909 1174 1052 1240 audaciae
1072 1171 1230 1260 pervenit,
1252 1185 1288 1236 ut
1306 1169 1380 1234 utile
1392 1169 1429 1234 ab
1441 1169 1585 1236 honesto

607 1345 796 1436 sejungeret,
816 1369 849 1420 et
868 1352 1088 1436 cupiditatibus
1106 1352 1287 1435 indulgens,
1307 1347 1339 1413 in
1360 1347 1515 1430 quaelibet
1531 1351 1585 1414 vi·
1645 1303 1646 1308 ἵ

609 1529 653 1596 tia
664 1532 892 1614 prolaberetur,
910 1551 990 1618 quae
1014 1533 1138 1614 quidem
1163 1548 1254 1594 nemo
1278 1526 1387 1592 melius
1413 1527 1580 1610 exposuit,

609 1729 703 1791 quam
729 1729 904 1777 ovrnrus
931 1709 1066 1778 illesam.
1089 1707 1130 1778 L.
1156 1724 1345 1790 1.cs.144.
1374 1703 1420 1786 lq.
1450 1722 1481 1772 et
1512 1727 1580 1772 su-

690 2070 767 2140 Turn
779 2066 893 2150 scelera
911 2066 1007 2134 demto
1019 2059 1105 2148 fine,
1118 2081 1177 2150 per
1197 2065 1315 2138 cunetas
1335 2064 1430 2135 donor

690 2244 780 2327 Im,
799 2249 912 2312 nulium
933 2248 1037 2311 caruit
1059 2245 1185 2330 exemplo
1205 2215 1303 2328 nestri,

690 2425 728 2496 A
737 2423 843 2509 scam
854 2423 978 2508 frater,
998 2423 1121 2490 dexteru
1141 2423 1209 2486 nati
1222 2437 1336 2508 pareus

690 2601 825 2685 Cecidit,
845 2607 973 2672 innitur
989 2601 1122 2688 conjugis
1134 2599 1219 2685 ferro
1233 2600 1340 2688 jacet,

667 2780 904 2870 ‘Perimunrque
919 2782 1020 2864 foetus
1041 2783 1141 2868 inpiae
1162 2794 1272 2846 matres
1287 2777 1371 2860 filos·

610 1907 724 1956 utcu
750 1893 784 1957 in
810 1888 980 1975 Hippolyto.
1002 1909 1048 1954 ut.
1073 1901 1147 1974 551.
1171 1885 1216 1970 lq.

646 2959 802 3041 Accedit,
836 2962 923 3043 quod
951 2962 1015 3028 auri
1042 2958 1124 3027 sacru
1150 2956 1246 3025 funes
1273 2958 1330 3045 (ut
1356 2972 1448 3041 poeta
1475 2956 1569 3043 dicit)

582 3138 748 3236 borsines
772 3154 917 3225 tanquam
942 3140 1065 3211 stimulo
1098 3136 1261 3219 excitavit,
1294 3138 1333 3205 ad
1361 3139 1482 3205 divitias
1508 3134 1561 3207 fibi

604 3320 716 3403 quavis
727 3320 845 3387 ratione
857 3320 1097 3405 comparandas,
1118 3332 1210 3399 atque
1223 3318 1300 3383 adeo
1313 3316 1470 3401 inprimis,
1492 3334 1567 3397 quae

603 3499 678 3567 utile
696 3501 737 3569 ab
757 3497 1044 3592 honestoleparet,
1065 3496 1225 3565 temeritati
1247 3496 1330 3580 quast
1351 3452 1456 3563 ansam·
1472 3494 1564 3565 dedit.
1647 3588 1648 3627 1

1647 3630 1648 3681 l

643 3680 696 3747 Ex
716 3701 782 3767 quo
807 3698 916 3745 aurum
944 3678 1038 3762 igitur
1060 3676 1210 3747 illecebris
1236 3676 1298 3748 suis
1322 3677 1482 3745 hominum
1505 3674 1567 3747 ani·¹

602 3877 673 3924 mos
693 3858 813 3925 allicere
833 3858 872 3925 ad
891 3856 942 3938 se,
962 3871 997 3923 et.
1014 3859 1236 3941 cupiditatibus
1256 3856 1411 3923 effrenatis
1433 3854 1562 3939 qualrir-

600 4033 710 4101 tetitos
730 4035 844 4107 habers
867 4038 991 4122 coepit,
1017 4057 1141 4107 morum
1167 4035 1328 4118 disciplina
1357 4036 1508 4116 exolevit,
1532 4047 1564 4099 et.

591 4212 755 4298 officiunt,
777 4216 864 4299 quod
881 4217 913 4287 in
931 4216 1097 4287 tribuendo
1115 4216 1204 4287 suurn
1230 4215 1344 4301 cuique
1362 4214 1513 4298 confistit,
1532 4226 1563 4283 et

1519 4400 1567 4447 id·
