<?xml version="1.0" encoding="UTF-8"?>
<!DOCTYPE html PUBLIC "-//W3C//DTD XHTML 1.0 Transitional//EN"
    "http://www.w3.org/TR/xhtml1/DTD/xhtml1-transitional.dtd">
<html xmlns="http://www.w3.org/1999/xhtml" xml:lang="en" lang="en">
 <head>
  <title>
</title>
<meta http-equiv="Content-Type" content="text/html;charset=utf-8" />
  <meta name='ocr-system' content='tesseract 3.04.00' />
  <meta name='ocr-capabilities' content='ocr_page ocr_carea ocr_par ocr_line ocrx_word'/>
</head>
<body>
  <div class='ocr_page' id='page_1' title='image "./inauguraleselec00desgoog_0203.png"; bbox 0 0 3725 5750; ppageno 0'>
   <div class='ocr_carea' id='block_1_1' title="bbox 412 1216 426 1773">
    <p class='ocr_par' dir='ltr' id='par_1_1' title="bbox 412 1216 426 1773">
     <span class='ocr_line' id='line_1_1' title="bbox 412 1216 426 1773; baseline 0 0"><span class='ocrx_word' id='word_1_1' title='bbox 412 1216 426 1773; x_wconf 95' lang='lat' dir='ltr'> </span> 
     </span>
    </p>
   </div>
   <div class='ocr_carea' id='block_1_2' title="bbox 392 3031 401 3578">
    <p class='ocr_par' dir='ltr' id='par_1_2' title="bbox 392 3031 401 3578">
     <span class='ocr_line' id='line_1_2' title="bbox 392 3031 401 3578; baseline 0 0"><span class='ocrx_word' id='word_1_2' title='bbox 392 3031 401 3578; x_wconf 95' lang='lat' dir='ltr'> </span> 
     </span>
    </p>
   </div>
   <div class='ocr_carea' id='block_1_3' title="bbox 392 3569 414 4957">
    <p class='ocr_par' dir='ltr' id='par_1_3' title="bbox 392 3569 414 4957">
     <span class='ocr_line' id='line_1_3' title="bbox 392 3569 414 4957; textangle 90"><span class='ocrx_word' id='word_1_3' title='bbox 392 4947 400 4957; x_wconf 70' lang='grc' dir='ltr'><strong><em>ι</em></strong></span> <span class='ocrx_word' id='word_1_4' title='bbox 392 3569 414 4907; x_wconf 46' lang='lat' dir='ltr'>——xt-——v—-wt—-ffiu—-l</span> 
     </span>
    </p>
   </div>
   <div class='ocr_carea' id='block_1_4' title="bbox 1154 781 2556 871">
    <p class='ocr_par' dir='ltr' id='par_1_4' title="bbox 1154 781 2556 871">
     <span class='ocr_line' id='line_1_4' title="bbox 1154 781 2556 871; baseline -0.001 -19"><span class='ocrx_word' id='word_1_5' title='bbox 1154 782 1277 852; x_wconf 83' lang='lat' dir='ltr'>DE</span> <span class='ocrx_word' id='word_1_6' title='bbox 1353 781 2013 869; x_wconf 83' lang='lat' dir='ltr'><strong>JUREJURANDO.</strong></span> <span class='ocrx_word' id='word_1_7' title='bbox 2435 803 2556 871; x_wconf 73' lang='lat'>10³</span> 
     </span>
    </p>
   </div>
   <div class='ocr_carea' id='block_1_5' title="bbox 620 1001 2550 1087">
    <p class='ocr_par' dir='ltr' id='par_1_5' title="bbox 620 1001 2550 1087">
     <span class='ocr_line' id='line_1_5' title="bbox 620 1001 2550 1087; baseline -0.002 -10"><span class='ocrx_word' id='word_1_8' title='bbox 620 1008 899 1077; x_wconf 87' lang='lat' dir='ltr'>omnium</span> <span class='ocrx_word' id='word_1_9' title='bbox 956 1004 1242 1073; x_wconf 86' lang='lat' dir='ltr'><strong>ordinum</strong></span> <span class='ocrx_word' id='word_1_10' title='bbox 1299 1003 1467 1070; x_wconf 86' lang='lat' dir='ltr'>cives</span> <span class='ocrx_word' id='word_1_11' title='bbox 1518 1018 1841 1087; x_wconf 82' lang='lat' dir='ltr'>vagatum,</span> <span class='ocrx_word' id='word_1_12' title='bbox 1899 1001 2080 1068; x_wconf 87' lang='lat' dir='ltr'>suum</span> <span class='ocrx_word' id='word_1_13' title='bbox 2137 1002 2215 1068; x_wconf 92' lang='lat' dir='ltr'>de</span> <span class='ocrx_word' id='word_1_14' title='bbox 2273 1005 2550 1074; x_wconf 75' lang='lat' dir='ltr'>moribus</span> 
     </span>
    </p>
   </div>
   <div class='ocr_carea' id='block_1_6' title="bbox 616 1181 2553 1272">
    <p class='ocr_par' dir='ltr' id='par_1_6' title="bbox 616 1181 2553 1272">
     <span class='ocr_line' id='line_1_6' title="bbox 616 1181 2553 1272; baseline -0.001 -18"><span class='ocrx_word' id='word_1_15' title='bbox 616 1188 925 1272; x_wconf 88' lang='lat' dir='ltr'>judicium</span> <span class='ocrx_word' id='word_1_16' title='bbox 983 1197 1044 1248; x_wconf 88' lang='lat' dir='ltr'>et</span> <span class='ocrx_word' id='word_1_17' title='bbox 1100 1181 1415 1249; x_wconf 88' lang='lat' dir='ltr'>censuram</span> <span class='ocrx_word' id='word_1_18' title='bbox 1472 1201 1783 1250; x_wconf 82' lang='lat' dir='ltr'>exercens.</span> <span class='ocrx_word' id='word_1_19' title='bbox 1882 1182 2129 1268; x_wconf 73' lang='lat' dir='ltr'>HujuS,</span> <span class='ocrx_word' id='word_1_20' title='bbox 2194 1198 2269 1249; x_wconf 92' lang='lat' dir='ltr'>ut</span> <span class='ocrx_word' id='word_1_21' title='bbox 2321 1185 2404 1251; x_wconf 89' lang='lat' dir='ltr'>ita</span> <span class='ocrx_word' id='word_1_22' title='bbox 2459 1186 2553 1252; x_wconf 88' lang='lat' dir='ltr'>di-</span> 
     </span>
    </p>
   </div>
   <div class='ocr_carea' id='block_1_7' title="bbox 628 1361 2653 1451">
    <p class='ocr_par' dir='ltr' id='par_1_7' title="bbox 628 1361 2653 1451">
     <span class='ocr_line' id='line_1_7' title="bbox 628 1361 2653 1451; baseline 0.001 -19"><span class='ocrx_word' id='word_1_23' title='bbox 628 1386 763 1433; x_wconf 86' lang='lat' dir='ltr'>cam</span> <span class='ocrx_word' id='word_1_24' title='bbox 781 1413 805 1446; x_wconf 88' lang='lat'><strong>,</strong></span> <span class='ocrx_word' id='word_1_25' title='bbox 848 1361 1085 1448; x_wconf 83' lang='lat' dir='ltr'>imperii</span> <span class='ocrx_word' id='word_1_26' title='bbox 1124 1361 1278 1428; x_wconf 88' lang='lat' dir='ltr'>fines</span> <span class='ocrx_word' id='word_1_27' title='bbox 1319 1382 1446 1429; x_wconf 91' lang='lat' dir='ltr'>non</span> <span class='ocrx_word' id='word_1_28' title='bbox 1488 1361 1946 1447; x_wconf 84' lang='lat' dir='ltr'>egrediebatur,</span> <span class='ocrx_word' id='word_1_29' title='bbox 2003 1373 2192 1445; x_wconf 85' lang='lat' dir='ltr'>atque</span> <span class='ocrx_word' id='word_1_30' title='bbox 2229 1382 2552 1451; x_wconf 85' lang='lat' dir='ltr'>nunquam</span> <span class='ocrx_word' id='word_1_31' title='bbox 2645 1373 2653 1385; x_wconf 76' lang='grc'><strong>“</strong></span> 
     </span>
    </p>
   </div>
   <div class='ocr_carea' id='block_1_8' title="bbox 607 1539 2553 3597">
    <p class='ocr_par' dir='ltr' id='par_1_8' title="bbox 607 1539 2553 3597">
     <span class='ocr_line' id='line_1_8' title="bbox 628 1539 2550 1629; baseline 0.002 -20"><span class='ocrx_word' id='word_1_32' title='bbox 628 1543 694 1610; x_wconf 84' lang='lat' dir='ltr'>in</span> <span class='ocrx_word' id='word_1_33' title='bbox 734 1543 1083 1629; x_wconf 85' lang='lat' dir='ltr'>graviorum</span> <span class='ocrx_word' id='word_1_34' title='bbox 1126 1541 1449 1608; x_wconf 88' lang='lat' dir='ltr'>criminum</span> <span class='ocrx_word' id='word_1_35' title='bbox 1492 1539 2067 1609; x_wconf 78' lang='lat' dir='ltr'>animadversionem</span> <span class='ocrx_word' id='word_1_36' title='bbox 2088 1588 2112 1622; x_wconf 85' lang='lat'>‚</span> <span class='ocrx_word' id='word_1_37' title='bbox 2154 1557 2442 1626; x_wconf 85' lang='lat' dir='ltr'><strong>tanquam</strong></span> <span class='ocrx_word' id='word_1_38' title='bbox 2481 1546 2550 1613; x_wconf 87' lang='lat' dir='ltr'>in</span> 
     </span>
     <span class='ocr_line' id='line_1_9' title="bbox 626 1689 2550 1808; baseline -0.001 -18"><span class='ocrx_word' id='word_1_39' title='bbox 626 1717 917 1792; x_wconf 82' lang='lat' dir='ltr'>auxilium</span> <span class='ocrx_word' id='word_1_40' title='bbox 955 1689 1313 1790; x_wconf 59' lang='lat' dir='ltr'>(vocabatur.</span> <span class='ocrx_word' id='word_1_41' title='bbox 1403 1720 1599 1790; x_wconf 85' lang='lat' dir='ltr'>Conf.</span> <span class='ocrx_word' id='word_1_42' title='bbox 1644 1738 1829 1785; x_wconf 68' lang='lat' dir='ltr'>vm..</span> <span class='ocrx_word' id='word_1_43' title='bbox 1876 1737 2078 1786; x_wconf 79' lang='lat' dir='ltr'><strong>MAx.</strong></span> <span class='ocrx_word' id='word_1_44' title='bbox 2119 1717 2210 1786; x_wconf 89' lang='lat' dir='ltr'>II.</span> <span class='ocrx_word' id='word_1_45' title='bbox 2236 1742 2302 1807; x_wconf 90' lang='lat'>4.</span> <span class='ocrx_word' id='word_1_46' title='bbox 2367 1720 2550 1808; x_wconf 83' lang='lat' dir='ltr'>Quo-</span> 
     </span>
     <span class='ocr_line' id='line_1_10' title="bbox 615 1899 2548 1988; baseline -0.003 -18"><span class='ocrx_word' id='word_1_47' title='bbox 615 1902 789 1971; x_wconf 72' lang='lat' dir='ltr'>niam</span> <span class='ocrx_word' id='word_1_48' title='bbox 817 1903 1018 1988; x_wconf 70' lang='lat' dir='ltr'>‘igitur</span> <span class='ocrx_word' id='word_1_49' title='bbox 1056 1905 1309 1970; x_wconf 73' lang='lat' dir='ltr'>crimina</span> <span class='ocrx_word' id='word_1_50' title='bbox 1348 1902 1671 1986; x_wconf 75' lang='lat' dir='ltr'>capitalia,</span> <span class='ocrx_word' id='word_1_51' title='bbox 1729 1919 1994 1982; x_wconf 90' lang='lat' dir='ltr'>quorum</span> <span class='ocrx_word' id='word_1_52' title='bbox 2047 1917 2248 1983; x_wconf 90' lang='lat' dir='ltr'>poena</span> <span class='ocrx_word' id='word_1_53' title='bbox 2306 1899 2548 1987; x_wconf 62' lang='lat' dir='ltr'>legibua</span> 
     </span>
     <span class='ocr_line' id='line_1_11' title="bbox 627 2020 2544 2164; baseline 0.002 -17"><span class='ocrx_word' id='word_1_54' title='bbox 627 2096 752 2147; x_wconf 83' lang='lat' dir='ltr'>erat</span> <span class='ocrx_word' id='word_1_55' title='bbox 792 2082 1083 2163; x_wconf 78' lang='lat' dir='ltr'>definita,</span> <span class='ocrx_word' id='word_1_56' title='bbox 1129 2077 1470 2145; x_wconf 87' lang='lat' dir='ltr'>Censorum</span> <span class='ocrx_word' id='word_1_57' title='bbox 1505 2020 1743 2164; x_wconf 82' lang='lat' dir='ltr'>judicio</span> <span class='ocrx_word' id='word_1_58' title='bbox 1787 2093 1849 2144; x_wconf 93' lang='lat' dir='ltr'>et</span> <span class='ocrx_word' id='word_1_59' title='bbox 1891 2079 2394 2149; x_wconf 76' lang='lat' dir='ltr'>animadversioni</span> <span class='ocrx_word' id='word_1_60' title='bbox 2416 2101 2544 2150; x_wconf 87' lang='lat' dir='ltr'>non</span> 
     </span>
     <span class='ocr_line' id='line_1_12' title="bbox 616 2256 2545 2366; baseline 0.002 -42"><span class='ocrx_word' id='word_1_61' title='bbox 616 2256 952 2340; x_wconf 76' lang='lat' dir='ltr'>suberant,</span> <span class='ocrx_word' id='word_1_62' title='bbox 1011 2256 1162 2322; x_wconf 91' lang='lat' dir='ltr'><strong>nihil</strong></span> <span class='ocrx_word' id='word_1_63' title='bbox 1211 2270 1499 2366; x_wconf 83' lang='lat' dir='ltr'>poterant</span> <span class='ocrx_word' id='word_1_64' title='bbox 1551 2257 1849 2342; x_wconf 72' lang='lat' dir='ltr'>amplius»,</span> <span class='ocrx_word' id='word_1_65' title='bbox 1919 2281 2105 2345; x_wconf 90' lang='lat' dir='ltr'>quam</span> <span class='ocrx_word' id='word_1_66' title='bbox 2165 2261 2322 2342; x_wconf 82' lang='lat' dir='ltr'>iuis,</span> <span class='ocrx_word' id='word_1_67' title='bbox 2381 2276 2545 2345; x_wconf 66' lang='lat' dir='ltr'>quos</span> 
     </span>
     <span class='ocr_line' id='line_1_13' title="bbox 628 2436 2543 2524; baseline 0.001 -21"><span class='ocrx_word' id='word_1_68' title='bbox 628 2437 1121 2504; x_wconf 86' lang='lat' dir='ltr'>condemnabant</span> <span class='ocrx_word' id='word_1_69' title='bbox 1148 2482 1173 2516; x_wconf 88' lang='lat'><strong>,</strong></span> <span class='ocrx_word' id='word_1_70' title='bbox 1239 2449 1418 2502; x_wconf 84' lang='lat' dir='ltr'>notas</span> <span class='ocrx_word' id='word_1_71' title='bbox 1489 2436 1823 2503; x_wconf 86' lang='lat' dir='ltr'>adscribere</span> <span class='ocrx_word' id='word_1_72' title='bbox 1854 2461 1873 2505; x_wconf 72' lang='grc' dir='ltr'><strong><em>ε</em></strong></span> <span class='ocrx_word' id='word_1_73' title='bbox 1961 2442 2321 2524; x_wconf 83' lang='lat' dir='ltr'>quicunque</span> <span class='ocrx_word' id='word_1_74' title='bbox 2395 2458 2543 2514; x_wconf 87' lang='lat' dir='ltr'>vero</span> 
     </span>
     <span class='ocr_line' id='line_1_14' title="bbox 616 2615 2548 2696; baseline -0.001 -12"><span class='ocrx_word' id='word_1_75' title='bbox 616 2615 707 2685; x_wconf 68' lang='lat' dir='ltr'>ab</span> <span class='ocrx_word' id='word_1_76' title='bbox 788 2615 907 2683; x_wconf 82' lang='lat' dir='ltr'>illis</span> <span class='ocrx_word' id='word_1_77' title='bbox 979 2615 1308 2682; x_wconf 82' lang='lat' dir='ltr'>notabatur</span> <span class='ocrx_word' id='word_1_78' title='bbox 1332 2661 1357 2696; x_wconf 89' lang='lat'>,</span> <span class='ocrx_word' id='word_1_79' title='bbox 1430 2615 1673 2683; x_wconf 87' lang='lat' dir='ltr'>infamis</span> <span class='ocrx_word' id='word_1_80' title='bbox 1744 2630 1807 2680; x_wconf 88' lang='lat' dir='ltr'>et</span> <span class='ocrx_word' id='word_1_81' title='bbox 1874 2632 2001 2682; x_wconf 89' lang='lat' dir='ltr'>erat</span> <span class='ocrx_word' id='word_1_82' title='bbox 2053 2634 2114 2683; x_wconf 90' lang='lat' dir='ltr'>et</span> <span class='ocrx_word' id='word_1_83' title='bbox 2187 2616 2548 2684; x_wconf 87' lang='lat' dir='ltr'>habebatur.</span> 
     </span>
     <span class='ocr_line' id='line_1_15' title="bbox 607 2791 2552 2881; baseline 0.002 -23"><span class='ocrx_word' id='word_1_84' title='bbox 607 2792 836 2862; x_wconf 75' lang='lat' dir='ltr'>Poena</span> <span class='ocrx_word' id='word_1_85' title='bbox 888 2794 1075 2879; x_wconf 90' lang='lat' dir='ltr'>igitur</span> <span class='ocrx_word' id='word_1_86' title='bbox 1127 2792 1414 2863; x_wconf 87' lang='lat' dir='ltr'>Censoria</span> <span class='ocrx_word' id='word_1_87' title='bbox 1442 2840 1466 2876; x_wconf 86' lang='lat'><strong>,</strong></span> <span class='ocrx_word' id='word_1_88' title='bbox 1519 2791 1643 2860; x_wconf 86' lang='lat' dir='ltr'>five</span> <span class='ocrx_word' id='word_1_89' title='bbox 1696 2792 1859 2861; x_wconf 86' lang='lat' dir='ltr'>illam</span> <span class='ocrx_word' id='word_1_90' title='bbox 1924 2796 2159 2878; x_wconf 80' lang='lat' dir='ltr'>levem,</span> <span class='ocrx_word' id='word_1_91' title='bbox 2226 2791 2351 2862; x_wconf 87' lang='lat' dir='ltr'>five</span> <span class='ocrx_word' id='word_1_92' title='bbox 2415 2814 2552 2881; x_wconf 82' lang='lat' dir='ltr'>gra-</span> 
     </span>
     <span class='ocr_line' id='line_1_16' title="bbox 622 2972 2552 3061; baseline 0.003 -23"><span class='ocrx_word' id='word_1_93' title='bbox 622 2992 765 3040; x_wconf 84' lang='lat' dir='ltr'>vem</span> <span class='ocrx_word' id='word_1_94' title='bbox 826 2972 1040 3056; x_wconf 77' lang='lat' dir='ltr'>dicaS‚</span> <span class='ocrx_word' id='word_1_95' title='bbox 1096 2989 1222 3041; x_wconf 86' lang='lat' dir='ltr'>erat</span> <span class='ocrx_word' id='word_1_96' title='bbox 1273 2975 1645 3060; x_wconf 85' lang='lat' dir='ltr'>ignominia,</span> <span class='ocrx_word' id='word_1_97' title='bbox 1715 2988 1776 3041; x_wconf 91' lang='lat' dir='ltr'>et</span> <span class='ocrx_word' id='word_1_98' title='bbox 1815 2976 1917 3045; x_wconf 89' lang='lat' dir='ltr'>illa</span> <span class='ocrx_word' id='word_1_99' title='bbox 1970 2977 2177 3044; x_wconf 88' lang='lat' dir='ltr'>eadem</span> <span class='ocrx_word' id='word_1_100' title='bbox 2233 2976 2552 3061; x_wconf 71' lang='lat' dir='ltr'>gravissimi</span> 
     </span>
     <span class='ocr_line' id='line_1_17' title="bbox 613 3153 2551 3244; baseline 0.003 -26"><span class='ocrx_word' id='word_1_101' title='bbox 613 3153 936 3234; x_wconf 79' lang='lat' dir='ltr'>criminis,</span> <span class='ocrx_word' id='word_1_102' title='bbox 990 3154 1277 3244; x_wconf 77' lang='lat' dir='ltr'>perjurii,</span> <span class='ocrx_word' id='word_1_103' title='bbox 1339 3174 1578 3235; x_wconf 89' lang='lat' dir='ltr'>poena,</span> <span class='ocrx_word' id='word_1_104' title='bbox 1621 3153 1744 3239; x_wconf 75' lang='lat'>(²⁸²)</span> <span class='ocrx_word' id='word_1_105' title='bbox 1767 3166 1954 3239; x_wconf 86' lang='lat' dir='ltr'>quam</span> <span class='ocrx_word' id='word_1_106' title='bbox 1995 3174 2181 3238; x_wconf 88' lang='lat' dir='ltr'>ergo,</span> <span class='ocrx_word' id='word_1_107' title='bbox 2223 3153 2267 3219; x_wconf 85' lang='lat' dir='ltr'>fi</span> <span class='ocrx_word' id='word_1_108' title='bbox 2309 3156 2551 3224; x_wconf 80' lang='lat' dir='ltr'>sceleris</span> 
     </span>
     <span class='ocr_line' id='line_1_18' title="bbox 633 3330 2553 3417; baseline 0.003 -23"><span class='ocrx_word' id='word_1_109' title='bbox 633 3332 1017 3402; x_wconf 83' lang='lat' dir='ltr'>atrocitatem</span> <span class='ocrx_word' id='word_1_110' title='bbox 1060 3333 1336 3416; x_wconf 69' lang='lat' dir='ltr'>spectas,</span> <span class='ocrx_word' id='word_1_111' title='bbox 1378 3330 1592 3414; x_wconf 66' lang='lat' dir='ltr'>potitis</span> <span class='ocrx_word' id='word_1_112' title='bbox 1632 3332 1861 3399; x_wconf 88' lang='lat' dir='ltr'>nullam</span> <span class='ocrx_word' id='word_1_113' title='bbox 1905 3332 2150 3398; x_wconf 79' lang='lat' dir='ltr'>dixeris·</span> <span class='ocrx_word' id='word_1_114' title='bbox 2227 3332 2393 3417; x_wconf 88' lang='lat' dir='ltr'>Juris</span> <span class='ocrx_word' id='word_1_115' title='bbox 2418 3334 2553 3399; x_wconf 91' lang='lat' dir='ltr'>Ro-</span> 
     </span>
     <span class='ocr_line' id='line_1_19' title="bbox 622 3458 2552 3597; baseline 0.001 -20"><span class='ocrx_word' id='word_1_116' title='bbox 622 3509 790 3577; x_wconf 87' lang='lat' dir='ltr'>mani</span> <span class='ocrx_word' id='word_1_117' title='bbox 827 3506 1241 3573; x_wconf 88' lang='lat' dir='ltr'>incredibilem</span> <span class='ocrx_word' id='word_1_118' title='bbox 1282 3510 1630 3593; x_wconf 83' lang='lat' dir='ltr'>lenitatem,</span> <span class='ocrx_word' id='word_1_119' title='bbox 1675 3533 1747 3578; x_wconf 87' lang='lat' dir='ltr'>ac</span> <span class='ocrx_word' id='word_1_120' title='bbox 1787 3458 1947 3597; x_wconf 83' lang='lat' dir='ltr'>pene</span> <span class='ocrx_word' id='word_1_121' title='bbox 1989 3510 2186 3578; x_wconf 90' lang='lat' dir='ltr'>dicam</span> <span class='ocrx_word' id='word_1_122' title='bbox 2204 3558 2229 3592; x_wconf 85' lang='lat'><strong>,</strong></span> <span class='ocrx_word' id='word_1_123' title='bbox 2281 3510 2552 3578; x_wconf 86' lang='lat' dir='ltr'>illicitam</span> 
     </span>
    </p>
   </div>
   <div class='ocr_carea' id='block_1_9' title="bbox 629 3665 2550 3775">
    <p class='ocr_par' dir='ltr' id='par_1_9' title="bbox 629 3665 2550 3775">
     <span class='ocr_line' id='line_1_20' title="bbox 629 3665 2550 3775; baseline 0.002 -19"><span class='ocrx_word' id='word_1_124' title='bbox 629 3686 1093 3771; x_wconf 89' lang='lat' dir='ltr'>inauditamque</span> <span class='ocrx_word' id='word_1_125' title='bbox 1147 3687 1563 3755; x_wconf 72' lang='lat' dir='ltr'>clementiam!</span> <span class='ocrx_word' id='word_1_126' title='bbox 1629 3687 1769 3755; x_wconf 89' lang='lat' dir='ltr'>Diis</span> <span class='ocrx_word' id='word_1_127' title='bbox 1822 3665 2046 3757; x_wconf 83' lang='lat' dir='ltr'>scilicet</span> <span class='ocrx_word' id='word_1_128' title='bbox 2097 3689 2362 3775; x_wconf 60' lang='lat' dir='ltr'>iniurias</span> <span class='ocrx_word' id='word_1_129' title='bbox 2412 3691 2550 3761; x_wconf 76' lang='lat' dir='ltr'>suas</span> 
     </span>
    </p>
   </div>
   <div class='ocr_carea' id='block_1_10' title="bbox 1537 3854 2546 3925">
    <p class='ocr_par' dir='ltr' id='par_1_10' title="bbox 1537 3854 2546 3925">
     <span class='ocr_line' id='line_1_21' title="bbox 1537 3854 2546 3925; baseline 0.004 -4"><span class='ocrx_word' id='word_1_130' title='bbox 1537 3854 1608 3921; x_wconf 94' lang='lat' dir='ltr'>N</span> <span class='ocrx_word' id='word_1_131' title='bbox 2435 3870 2546 3925; x_wconf 85' lang='lat' dir='ltr'>cu-</span> 
     </span>
    </p>
   </div>
   <div class='ocr_carea' id='block_1_11' title="bbox 607 4073 2550 4328">
    <p class='ocr_par' dir='ltr' id='par_1_11' title="bbox 607 4073 2548 4325">
     <span class='ocr_line' id='line_1_22' title="bbox 607 4073 2548 4165; baseline 0.003 -25"><span class='ocrx_word' id='word_1_132' title='bbox 607 4075 735 4160; x_wconf 51' lang='lat' dir='ltr'>v)</span> <span class='ocrx_word' id='word_1_133' title='bbox 773 4075 921 4143; x_wconf 76' lang='lat' dir='ltr'>Vid.</span> <span class='ocrx_word' id='word_1_134' title='bbox 981 4095 1433 4143; x_wconf 69' lang='lat' dir='ltr'>rnnnn&#39;rsow.</span> <span class='ocrx_word' id='word_1_135' title='bbox 1475 4073 1663 4163; x_wconf 81' lang='lat' dir='ltr'>Oper.</span> <span class='ocrx_word' id='word_1_136' title='bbox 1705 4075 1900 4143; x_wconf 80' lang='lat' dir='ltr'>Citat.</span> <span class='ocrx_word' id='word_1_137' title='bbox 1943 4089 2098 4165; x_wconf 68' lang='lat' dir='ltr'>pag.</span> <span class='ocrx_word' id='word_1_138' title='bbox 2160 4078 2301 4164; x_wconf 88' lang='lat'>183.</span> <span class='ocrx_word' id='word_1_139' title='bbox 2361 4096 2548 4147; x_wconf 83' lang='grc' dir='ltr'>οττο</span> 
     </span>
     <span class='ocr_line' id='line_1_23' title="bbox 707 4123 2544 4307; baseline 0.002 -83"><span class='ocrx_word' id='word_1_140' title='bbox 707 4156 957 4244; x_wconf 69' lang='grc' dir='ltr'>ὒξθεη.</span> <span class='ocrx_word' id='word_1_141' title='bbox 1006 4160 1079 4226; x_wconf 77' lang='lat' dir='ltr'>de</span> <span class='ocrx_word' id='word_1_142' title='bbox 1122 4160 1246 4225; x_wconf 82' lang='lat' dir='ltr'>Per</span> <span class='ocrx_word' id='word_1_143' title='bbox 1181 4181 1376 4307; x_wconf 53' lang='grc' dir='ltr'>εἶξαν.</span> <span class='ocrx_word' id='word_1_144' title='bbox 1358 4174 1510 4242; x_wconf 84' lang='lat' dir='ltr'>.per</span> <span class='ocrx_word' id='word_1_145' title='bbox 1555 4162 1855 4239; x_wconf 68' lang='lat' dir='ltr'>princip.</span> <span class='ocrx_word' id='word_1_146' title='bbox 1889 4159 2043 4225; x_wconf 87' lang='lat' dir='ltr'>Gen.</span> <span class='ocrx_word' id='word_1_147' title='bbox 2106 4123 2276 4247; x_wconf 86' lang='lat' dir='ltr'>Cap.</span> <span class='ocrx_word' id='word_1_148' title='bbox 2317 4160 2435 4227; x_wconf 84' lang='lat' dir='ltr'><em>III.</em></span> <span class='ocrx_word' id='word_1_149' title='bbox 2482 4164 2544 4245; x_wconf 81' lang='lat'>§.</span> 
     </span>
     <span class='ocr_line' id='line_1_24' title="bbox 609 4239 2550 4328; baseline 0.006 -27"><span class='ocrx_word' id='word_1_150' title='bbox 609 4293 617 4301; x_wconf 88' lang='lat'>.</span> <span class='ocrx_word' id='word_1_151' title='bbox 708 4258 771 4306; x_wconf 91' lang='lat'>1.</span> <span class='ocrx_word' id='word_1_152' title='bbox 850 4239 1033 4328; x_wconf 83' lang='lat' dir='ltr'>(Diſj</span> <span class='ocrx_word' id='word_1_153' title='bbox 968 4239 1147 4328; x_wconf 81' lang='lat' dir='ltr'>ſj.ert</span> <span class='ocrx_word' id='word_1_154' title='bbox 1344 4241 1400 4305; x_wconf 92' lang='grc' dir='ltr'>Ι.</span> <span class='ocrx_word' id='word_1_155' title='bbox 1452 4257 1616 4328; x_wconf 76' lang='lat' dir='ltr'>pag.</span> <span class='ocrx_word' id='word_1_156' title='bbox 1679 4242 1863 4325; x_wconf 86' lang='lat'>278.)</span> <span class='ocrx_word' id='word_1_157' title='bbox 1943 4262 2285 4311; x_wconf 76' lang='lat' dir='ltr'>CARPZOV.</span> <span class='ocrx_word' id='word_1_158' title='bbox 2332 4246 2550 4313; x_wconf 78' lang='lat' dir='ltr'>Praet-</span> 
     </span>
    </p>
   </div>
   <div class='ocr_carea' id='block_1_12' title="bbox 699 4262 1946 4417">
    <p class='ocr_par' dir='ltr' id='par_1_12' title="bbox 699 4262 1946 4417">
     <span class='ocr_line' id='line_1_25' title="bbox 699 4262 1946 4417; baseline 0.001 -24"><span class='ocrx_word' id='word_1_159' title='bbox 699 4322 890 4394; x_wconf 77' lang='lat' dir='ltr'>Orim·</span> <span class='ocrx_word' id='word_1_160' title='bbox 932 4325 1016 4393; x_wconf 89' lang='grc' dir='ltr'>Ρ.</span> <span class='ocrx_word' id='word_1_161' title='bbox 1056 4325 1111 4397; x_wconf 88' lang='grc' dir='ltr'>Ι.</span> <span class='ocrx_word' id='word_1_162' title='bbox 1148 4323 1421 4417; x_wconf 80' lang='lat' dir='ltr'>Quaest.</span> <span class='ocrx_word' id='word_1_163' title='bbox 1455 4262 1587 4410; x_wconf 60' lang='grc'>468</span> <span class='ocrx_word' id='word_1_164' title='bbox 1593 4340 1757 4413; x_wconf 81' lang='lat' dir='ltr'>pag.</span> <span class='ocrx_word' id='word_1_165' title='bbox 1800 4324 1946 4413; x_wconf 86' lang='lat'>298.</span> 
     </span>
    </p>
   </div>
  </div>
 </body>
</html>
