3725 5750
647 817 708 882 n·
909 777 1354 878 orsnnvnrr'onrs

634 1021 767 1104 Magnus
785 1009 930 1098 profesta
950 1013 1061 1080 Geniis
1081 1011 1185 1080 honor
1213 1015 1408 1098 habebatur,
1436 1019 1517 1084 unde
1539 1035 1599 1100 rp-

632 1135 795 1266 aunaus
825 1190 931 1260 Osirin
951 1204 1091 1274 precatur

713 1373 786 1442 Huc
804 1371 896 1454 adet,
915 1382 947 1436 et
966 1383 1082 1436 centurn
1102 1369 1180 1436 ludis
1201 1370 1386 1460 Geniumque
1407 1372 1524 1442 choreis

752 1549 948 1628 concertio,
969 1561 999 1614 et
1019 1552 1108 1616 malta
1127 1564 1258 1636 tempora
1274 1540 1482 1636 fiende'mera.

632 1733 711 1801 Vrd.
733 1727 823 1799 LI.
847 1727 902 1796 ΕΙ.
931 1743 965 1812 7.
987 1745 1037 1793 at.
1061 1747 1114 1816 49.
1137 1727 1223 1796 conf.
1250 1727 1292 1795 L.
1317 1728 1375 1797 IV.
1398 1731 1456 1800 El.
1481 1745 1517 1822 5.
1551 1755 1598 1800 as.

624 1917 666 2000 ’7.
709 1912 793 1980 Cum
817 1909 939 1978 Genius
966 1907 1147 1980 divinitatis.
1167 1873 1319 1994 particeps
1351 1909 1534 1996 haberetur,
1571 1928 1601 1980 et
1650 1959 1651 1996 2

625 2091 782 2176 Principia
803 2087 956 2158 Daemoni
983 2105 1052 2154 arae
1079 2101 1111 2154 et
1137 2091 1252 2174 templa
1280 2104 1462 2173 ponerentur
1489 2091 1592 2178 (Vid.
1650 2131 1651 2198 t

627 2272 681 2338 Ci.
704 2287 818 2337 orno
844 2270 879 2334 in
903 2263 1032 2354 Differr.
1062 2265 1148 2336 laud.
1180 2269 1258 2356 Cap.
1278 2267 1326 2334 II.
1354 2272 1385 2352 S.
1407 2270 1460 2356 a.)
1482 2289 1538 2353 per
1560 2269 1594 2334 il·
1650 2205 1651 2210 ἵ

626 2451 692 2516 lum
715 2448 851 2534 juratum
877 2444 986 2527 iuiffe,
1017 2445 1163 2527 nonest,
1192 2447 1279 2528 quod
1300 2449 1463 2562 miremur,
1492 2465 1593 2529 neque

625 2649 700 2697 curn
726 2644 965 2696 canrzovro
993 2625 1096 2692 iacere
1123 2626 1274 2708 audeam,
1305 2628 1360 2712 qui
1389 2628 1465 2694 illud
1492 2627 1590 2714 jusju·
1650 2633 1651 2636 ’

624 2808 756 2875 tandum
776 2811 899 2895 impium
921 2821 953 2872 et
964 2805 1127 2895 pruinam
1149 2823 1253 2876 vocat.
1290 2805 1366 2874 Vid.
1390 2807 1503 2875 Pract.
1526 2807 1589 2875 Cri·
1649 2697 1651 2840 1

620 2988 697 3051 min.
726 2982 816 3051 Η.
844 2983 894 3077 Q.
919 2983 973 3067 46.
1002 3004 1051 3049 aa.
1084 3002 1137 3071 40.
1161 3000 1244 3073 pag.
1270 3000 1343 3071 299.
1392 2986 1521 3054 Etenim
1551 2986 1588 3053 ad

618 3161 755 3230 rationes
776 3162 903 3229 istorum
922 3178 1098 3245 temporum
1120 3182 1191 3229 curn
1211 3162 1439 3229 accommodata
1460 3164 1588 3229 ratioci-

619 3343 706 3411 natio
733 3341 916 3409 instituenda
941 3342 995 3425 stt,
1020 3362 1076 3425 per
1095 3340 1231 3409 Genium
1255 3340 1470 3427 jusjurandum
1500 3341 1582 3425 poffe

618 3522 761 3605 concipi,
783 3538 878 3603 aeque
899 3540 935 3587 ac
956 3540 1011 3605 per
1031 3521 1105 3589 alias
1124 3518 1288 3604 personas,
1311 3540 1390 3603 quae
1411 3521 1577 3587 divinitatis

614 3702 782 3785 participes
798 3701 988 3784 habeantur,
1009 3700 1155 3768 affirmare
1169 3703 1273 3769 nullus
1285 3698 1406 3767 dubito.
1451 3704 1512 3769 Sed
1524 3718 1575 3784 per

612 3843 763 3964 Principis
784 3848 932 3966 genium,
950 3880 1101 3949 diversum
1122 3900 1140 3947 a
1161 3880 1310 3963 caeteris,
1340 3880 1462 3963 illisque
1482 3877 1573 3962 majo·

610 4072 673 4119 rem
683 4057 819 4139 juratum
831 4060 940 4144 faida,
954 4059 977 4126 sr
990 4059 1145 4143 indignam
1159 4058 1365 4128 adulationem
1384 4058 1567 4136 existimem,
1643 4132 1644 4139 χ

1643 4158 1644 4220 i

606 4250 676 4299 vere
696 4231 782 4308 milri-
789 4238 896 4313 ridear
913 4238 1095 4309 existimare.
1138 4240 1202 4309 Sua
1219 4242 1286 4310 laus
1305 4240 1398 4327 igitur
1415 4242 1559 4311 tribuatur

1254 4376 1257 4385 ·
1361 4376 1366 4383 ·
1642 4368 1643 4418 t
