3725 5750
1159 821 1281 888 DE
1358 819 2023 907 JUREJURANDO.
2075 864 2113 868 --
2461 844 2583 922 149

596 1023 848 1114 ζητεῖ,
891 1029 956 1096 in
995 1029 1107 1095 has
1149 1027 1423 1111 corporis
1462 1026 1553 1092 sui
1585 1041 1836 1111 parteS,
1872 1027 2229 1097 nifi‘verum
2256 1031 2457 1119 dicat,
2480 1041 2576 1106 ul..

607 1209 883 1275 tionem
944 1209 1209 1275 divinam
1260 1203 1606 1288 exposcere
1688 1208 1796 1272 Ad
1838 1207 1995 1276 hanc
2036 1209 2387 1280 sententiam
2432 1235 2578 1286 cum

611 1374 1042 1474 jurisjurandi
1065 1387 1197 1468 νίε,
1227 1399 1362 1452 tum
1387 1384 1652 1452 civitatis
1679 1384 1910 1454 utilitas
1948 1407 2065 1458 nos
2103 1389 2396 1476 impeffit,
2424 1415 2566 1465 cum

622 1568 936 1635 homines
989 1567 1074 1632 ita
1126 1564 1243 1631 fint
1290 1565 1672 1648 comparati,
1727 1577 1799 1630 ut
1850 1566 2017 1631 nulla¹
2070 1569 2185 1633 alia
2237 1590 2303 1635 re
2345 1573 2573 1656 magiS‚

623 1767 839 1832 quam
872 1747 1200 1832 praesentis
1239 1744 1498 1828 periculi
1519 1757 1708 1813 ,metu
1751 1763 1787 1808 a
1827 1743 2098 1828 perjurio
2137 1747 2574 1818 deterreantur.

722 1929 922 2018 Quod
957 1944 1164 1996 autem
1205 1922 1421 1990 attinet
1462 1923 1536 1988 ad
1578 1920 1913 2012 formulaS‚
1954 1944 2070 2007 per
2104 1927 2251 1993 alias
2289 1929 2576 2014 personas
2665 1987 2671 2000 ,

620 2123 1022 2192 conceptam,
1075 2105 1122 2172 fi
1174 2103 1306 2170 illas
1349 2102 1594 2186 prorsus
1635 2104 1864 2169 nullius
1906 2104 2024 2171 effe
2065 2108 2362 2183 momenti
2402 2109 2572 2175 dixe-

617 2289 759 2354 rim
778 2335 802 2368 ‚
846 2307 987 2354 cum
1021 2285 1098 2352 ab
1141 2304 1261 2350 una
1299 2301 1472 2369 parte
1519 2285 1740 2350 amoris
1787 2285 2077 2368 affectus,
2120 2289 2197 2355 ab
2240 2291 2424 2355 altera
2458 2308 2565 2355 ve·-

618 2486 710 2532 ro
768 2466 968 2550 turpis
1017 2464 1280 2533 adulatio
1333 2465 1452 2531 illis
1504 2460 1798 2548 originem
1853 2465 2087 2533 dederit
2114 2513 2139 2546 ‚
2192 2467 2403 2532 dixero
2458 2467 2561 2547 id,

615 2629 812 2715 quod
853 2629 939 2697 est
976 2630 1362 2698 verissimum.
1446 2627 1695 2696 Etenim
1750 2650 1879 2715 quo
1932 2633 2111 2716 paeto
2166 2631 2289 2697 dici
2330 2629 2568 2714 potest,

575 2877 587 2886 ,
628 2811 992 2895 quempiam
1045 2809 1164 2881 Dei
1206 2811 1538 2878 *vindietam
1591 2807 1652 2874 in
1698 2809 1945 2876 alterius
1988 2804 2174 2896 caput
2213 2811 2381 2895 poss'e
2425 2810 2565 2895 jure

617 2990 742 3062 suo
785 2992 1109 3071 invocare,
1153 3004 1215 3056 et
1237 2992 1490 3057 Numen
1530 2988 1877 3096 supremum
1920 2992 1986 3070 in
2025 2992 2323 3067 insontem
2365 2994 2561 3057 anim·

577 3118 1057 3251 adversarum,
1121 3170 1168 3235 fi
1227 3167 1390 3239 alter'
1424 3125 1775 3267 *peccaverit
1804 3217 1829 3249 ,
1892 3173 2060 3249 quod
2131 3190 2259 3263 non
2313 3185 2556 3242 tantum

617 3350 887 3429 rationi,
930 3369 1141 3417 verum
1179 3347 1442 3432 justitiae
1481 3349 1721 3416 divinae
1763 3317 2134 3413 contrarium
2182 3360 2244 3410 et
2286 3344 2469 3438 effer,
2496 3345 2559 3405 et'

617 3525 1002 3597 haberetur?
1047 3525 1254 3611 Quare
1294 3526 1454 3591 hanc
1479 3527 1854 3593 summorum
1882 3527 2155 3619 viroru'm
2198 3522 2377 3589 fuiss'e
2416 3472 2549 3595 sen-

576 3704 881 3772 -tentiam
907 3752 932 3785 ,
1002 3722 1123 3786 qua
1191 3703 1446 3769 aliorum
1505 3706 1822 3771 hominum
1886 3702 2226 3798 istiusmodi
2276 3657 2558 3809 formulis

617 3883 876 3950 salutem
932 3882 1221 3950 devoveri
1269 3883 1611 3965 affirment,
1669 3902 1796 3948 non
1842 3882 2083 3966 pofl'um
2138 3900 2265 3946 non
2316 3877 2556 3959 mirari,

623 4074 824 4142 atque·
868 4016 1056 4144 igitur
1119 4064 1374 4137 aliorum
1437 4064 1780 4149 praeceptis
1831 4064 2248 4145 obtemperare
2305 4058 2548 4139 malim,

573 4206 580 4215 ⁸
615 4238 728 4345 qui
769 4222 1099 4327 formulaS,
1133 4262 1244 4338 pet
1268 4260 1455 4330 caput
1498 4260 1559 4311 et
1580 4187 1832 4311 salutem
1858 4242 2104 4319 alterius
2143 4239 2549 4324 itainterpre-

1540 4410 1683 4495 K3
2436 4416 2579 4474 tane·
