3725 5750
585 839 649 928 ⁶90
852 825 1294 902 onsnnvnntonns

570 1067 575 1076 ·
626 1063 668 1116 .·.
689 1083 701 1108 .
723 1083 734 1106 .
755 1036 1097 1127 terraemotum,
1111 1039 1234 1126 stepcros
1246 1049 1545 1136 contemnentestet,
1650 1039 1651 1042 ¹

622 1225 658 1293 Si
676 1218 808 1288 mortalit
827 1217 907 1284 idem
928 1235 1010 1282 nemo
1024 1215 1125 1300 sciat,
1141 1217 1278 1304 adspice,
1298 1243 1417 1310 quanta

622 1399 700 1470 Voce
720 1413 827 1486 neget,
846 1417 925 1485 quae
942 1395 985 1478 stt
996 1392 1067 1480 ficti
1087 1395 1247 1466 consentia
1269 1404 1383 1468 vultus.

579 1579 664 1662 sen,
685 1592 722 1644 ut
749 1576 933 1662 cupiditates
953 1575 1059 1642 auctae
1079 1571 1168 1656 sunt,
1190 1577 1278 1644 aucta
1305 1577 1465 1650 hominum
1486 1605 1548 1654 nu·

579 1759 691 1840 dacin,
711 1771 743 1824 et
762 1755 794 1824 in
816 1753 943 1822 crimine
964 1755 1166 1838 perpetrando
1187 1755 1364 1826 insolentior
1384 1760 1466 1830 sucta
1484 1764 1542 1834 est.

579 1937 748 2021 Postquam
768 1933 885 2022 igitur,
904 1931 1094 2002 sanctitatem
1107 1934 1186 2002 illam
1200 1935 1349 2004 societatis
1359 1939 1545 2028 hominum,

575 2117 721 2188 Numine
744 2113 886 2198 supremo
910 2115 1091 2198 interposito
1118 2131 1184 2184 tum
1203 2118 1327 2202 jndice,
1353 2134 1420 2188 tum
1445 2119 1544 2205 teste,

578 2295 735 2386 temeritas
755 2293 969 2360 sceleratorum
990 2291 1126 2378 sustulit,
1148 2311 1180 2362 et
1200 2313 1304 2382 aperte
1326 2319 1360 2368 en
1380 2299 1479 2368 facere
1496 2301 1545 2368 in·

579 2477 696 2558 stituit,
723 2495 803 2559 quae
828 2461 994 2540 memoriae
1012 2473 1145 2558 judicis,
1174 2491 1204 2541 et
1225 2471 1429 2560 persecutioni
1448 2480 1544 2548 modo

579 2658 763 2744 surriperet,
791 2656 893 2739 legum
919 2655 1033 2720 latores
1059 2667 1151 2736 etque
1177 2655 1321 2726 custodes
1342 2679 1450 2744 graves
1467 2679 1543 2746 poe-

483 2809 489 2819 ·
580 2853 638 2907 uns
649 2837 780 2923 periuris
792 2835 928 2919 infligere
947 2847 1127 2916 coeperunt.
1169 2837 1316 2923 Aegyptii
1327 2839 1452 2924 reliquis
1470 2859 1544 2926 gem

465 3036 469 3042 ·
579 3016 665 3083 tibus
685 3014 784 3080 mecm
806 3012 892 3096 quast
915 3013 1144 3095 praetulerunt,
1174 3032 1247 3081 cum
1264 3016 1344 3104 xilios
1370 3035 1468 3086 morte
1495 3022 1547 3089 di-

581 3210 660 3282 gnos
686 3194 878 3280 iudicarent,
898 3193 955 3275 qui
976 3206 1037 3259 tam
1064 3214 1188 3277 parvom
1220 3194 1356 3262 Deorum
1392 3195 1544 3269 rationem

579 3366 772 3457 habuissent,
799 3389 854 3456 nt,
881 3372 920 3438 iis
941 3373 1143 3460 interpositis,
1167 3388 1232 3441 tum
1259 3377 1456 3461 vindicibus,
1477 3392 1544 3448 tum

582 3556 735 3637 testibus,
768 3552 967 3622 nihilominus
992 3571 1095 3623 tamen
1122 3574 1140 3622 n
1169 3558 1238 3627 dato
1265 3558 1327 3625 fide
1353 3558 1543 3628 recederent.

579 3736 656 3805 Viri.
684 3756 857 3805 ntooou.
887 3754 1022 3803 stcun.
1043 3735 1086 3803 L.
1112 3736 1140 3804 I.
1159 3738 1194 3805 C.
1222 3757 1275 3826 77.
1317 3741 1414 3823 Apud
1428 3740 1543 3807 Roma·

580 3938 661 4001 nos,
682 3916 876 3999 Decemviri,
894 3916 1036 4002 judices,
1063 3918 1118 4000 qui
1144 3933 1251 3987 contra
1277 3920 1491 4023 jusjurandum
1512 3920 1546 3993 in

577 4092 698 4179 judicio
719 4096 826 4165 versuti
845 4114 951 4181 erant,
974 4098 1073 4181 capite
1085 4098 1261 4181 puniendos
1282 4094 1358 4182 esse,
1382 4100 1545 4169 constitue-

581 4290 674 4361 tunt3
696 4297 770 4346 cum
790 4302 809 4348 e
831 4281 986 4367 contrario
1007 4278 1151 4352 adversus
1171 4294 1234 4351 tam
1254 4295 1385 4355 taetrum
1405 4283 1542 4363 focinus,

1341 4420 1345 4431 Χ
1445 4445 1544 4514 Grae-
