3725 5750
636 833 678 904 ω
896 811 1337 883 ussrnvamonms

640 1035 830 1108 Clericorum
853 1024 1061 1109 indignatione
1087 1023 1245 1090 consecuti
1270 1024 1352 1091 sunt.
1388 1022 1472 1094 W.
1507 1038 1616 1091 narn·-

629 1229 709 1281 sor
739 1205 816 1290 Hist-
843 1205 941 1292 Adgl.
961 1202 1000 1269 Τ.
1025 1201 1069 1270 Il.
1087 1219 1127 1289 p.
1145 1220 1220 1289 449.

672 1390 755 1456 Cum
783 1383 969 1451 reverentiae
997 1382 1075 1448 ratio
1101 1381 1241 1449 habenda
1265 1383 1321 1466 srt,
1348 1397 1380 1450 et
1407 1385 1606 1466 requiratur,

630 1581 667 1634 ut
688 1567 735 1648 is,
765 1563 819 1648 qui
844 1563 946 1648 juret,
975 1560 1019 1625 rei
1045 1560 1108 1625 vim
1135 1563 1281 1628 moralem
1308 1563 1399 1645 piane
1432 1562 1605 1647 intelligat,

633 1767 696 1817 nun
718 1741 893 1829 impuberes
913 1739 936 1806 ii
954 1739 1033 1820 fiat,
1061 1739 1114 1822 qui
1135 1740 1174 1805 ad
1192 1738 1406 1826 jusjurandum
1435 1742 1604 1808 admittan-

634 1943 705 2010 mr,
726 1943 841 2008 quare,
862 1937 928 1986 mea
945 1920 1070 2004 quidem
1081 1917 1246 2002 sententia,
1265 1919 1452 1986 laudandum
1467 1921 1605 1989 estcon-
1648 1988 1649 2027 ,

636 2109 740 2178 cilium
768 2083 1070 2180 Francofurtanum,
1104 2117 1142 2163 cx
1171 2099 1262 2184 cujus
1294 2098 1422 2166 decretis
1453 2100 1601 2183 peffimus
1648 2042 1649 2055 ἵ

636 2288 686 2352 iiie
720 2301 788 2348 mos
814 2278 1098 2362 Burgundionum,
1132 2297 1198 2359 quo
1232 2278 1406 2362 impuberes
1435 2278 1602 2362 jurarent,

636 2464 800 2546 abrogatus
820 2457 876 2525 est,
917 2455 990 2522 lod.
1018 2473 1183 2522 nrrnnor
1218 2429 1298 2539 ddss.
1333 2457 1414 2524 Gall.
1440 2453 1480 2521 T.
1505 2457 1536 2522 I.
1563 2474 1600 2542 p.
1648 2416 1649 2429 ³

636 2661 690 2734 91.
734 2639 1003 2732 Quemadmodum
1024 2636 1056 2702 in
1083 2634 1251 2720 promiffis,
1277 2634 1319 2700 stc
1347 2635 1379 2702 in
1404 2636 1604 2704 affirmatione

637 2820 774 2908 religiosa
795 2819 867 2886 usus
888 2818 1014 2885 rationis
1035 2797 1173 2901 inprimis
1199 2814 1276 2882 illud
1297 2814 1359 2897 est,
1385 2817 1472 2898 quod
1499 2814 1602 2901 requi*
1648 2766 1649 2789 ἶ

638 2996 734 3068 ratur.
776 3000 881 3065 Nemo
901 2996 991 3064 facsse
1010 2981 1113 3063 Deum
1134 2996 1238 3063 testem
1261 3011 1292 3063 ct
1311 2996 1465 3064 uindicem
1480 2998 1605 3064 invoca·

640 3198 674 3247 re
694 3154 827 3264 poterit,
847 3179 902 3245 nisa
924 3179 976 3244 cui
997 3176 1027 3243 fe
1039 3178 1175 3263 obliget,
1197 3192 1248 3259 et,
1270 3191 1384 3259 quanta
1395 3178 1431 3243 fit
1444 3178 1489 3243 rei
1503 3177 1602 3261 religi-

641 3358 785 3427 osrisnnae
806 3360 854 3427 vis
875 3358 1019 3439 moralis,
1041 3357 1208 3441 intelligat,
1230 3358 1382 3440 planeque
1402 3357 1522 3423 sentiat.

645 3490 652 3565 Ἰ
682 3540 769 3624 Ergo
782 3538 823 3620 ii,
843 3536 899 3619 qui
910 3550 1012 3604 tantae
1030 3538 1075 3604 rei
1091 3558 1155 3605 non
1169 3537 1240 3604 sunt
1259 3558 1405 3623 capaces,
1427 3506 1459 3605 et
1477 3539 1601 3606 rationis
1647 3579 1648 3584 κ

590 3716 596 3729 ”
640 3738 704 3787 non
726 3732 845 3786 tantum
865 3718 1050 3803 participes,
1077 3733 1228 3803 quantum
1255 3719 1301 3785 rei
1320 3733 1381 3785 tam
1403 3722 1502 3805 grauis
1521 3742 1600 3805 port⁴

642 3898 700 3965 dus
735 3884 854 3983 exigere
889 3898 1035 3982 videtur,
1069 3922 1087 3967 a
1111 3899 1276 3986 jurerando
1308 3916 1489 3983 arceantur,
1525 3914 1555 4003 et
1582 3922 1600 3967 a

641 4069 759 4141 firmamo
780 4077 950 4158 Imperante
962 4080 1121 4145 'terminus
1141 4080 1363 4164 constituatur,
1386 4102 1450 4166 quo
1471 4080 1599 4148 homini·

642 4254 702 4320 bus
722 4255 814 4341 hujus
836 4257 1044 4326 affirmationis
1064 4257 1137 4327 usus
1160 4260 1223 4327 sme
1250 4260 1432 4330 detrimento
1453 4262 1600 4337 conceda-

1526 4445 1596 4512 tur,
