3725 5750
518 771 521 778 “
556 811 620 882 ΒΕ
654 789 983 901 JUREJURANDO.
1198 837 1258 905 ως

288 1027 428 1112 jurantes
455 1036 614 1108 propterea
642 1045 659 1090 a
683 1019 880 1106 jurisjurandi
914 1019 1052 1088 servandi
1085 1026 1259 1096 neceffltate

292 1210 419 1276 minime
439 1204 580 1270 liberatos
601 1200 881 1285 eise,'quodPapa
902 1197 971 1266 iilos
981 1199 1179 1288 jurisjurandi
1198 1206 1258 1274 ob-

242 1433 243 1438 =
290 1387 437 1472 ligatione
449 1372 590 1464 ¹solverit.

334 1567 383 1634 Sit
403 1567 496 1652 igitur
515 1561 721 1630 affirmationis
741 1559 895 1647 religiosae
915 1575 1001 1630 tanta
1018 1565 1087 1647 vis,
1107 1580 1194 1634 tanta
1212 1587 1261 1634 re·

241 1805 242 1818 ,
295 1748 393 1831 ligio,
418 1766 497 1828 quae
519 1766 583 1814 non
604 1744 704 1810 dicam
732 1741 771 1808 ab
789 1742 878 1806 'omni
898 1739 997 1824 specie
1015 1743 1160 1826 perfidiae
1180 1765 1274 1812 mor-1

240 1963 243 1990 r
293 1928 370 1992 tales
394 1946 516 2008 atcere,
543 1922 655 1990 sedab
677 1919 739 2004 ipsa
761 1919 948 2003 cogitatione
966 1922 1093 2007 perjurii
1113 1924 1265 2002 deterrere

240 2138 243 2179 5
291 2107 397 2191 poffit.
440 2106 490 2170 Ac
512 2121 552 2168 ne
572 2098 698 2168 hocita
719 2119 736 2165 a
754 2119 803 2166 me
821 2097 952 2182 proferri
974 2104 1128 2188 quispiam
1147 2107 1181 2172 in
1198 2108 1265 2174 arri·

239 2300 241 2359 ζ
295 2305 383 2350 mum
405 2285 552 2363 inducat,
574 2301 609 2348 ac
629 2279 653 2345 fi
674 2299 829 2362 nunquam
851 2279 958 2348 adata
983 2281 1062 2364 fide,
1089 2303 1161 2351 cum
1182 2300 1263 2352 tem·

295 2483 430 2546 porum,
458 2478 524 2530 tum
546 2462 669 2531 aliarum
691 2477 791 2526 retum
813 2460 947 2528 rationes
973 2463 1115 2530 recedere
1137 2466 1265 2550 permit·

293 2657 382 2722 tant,
404 2643 467 2708 imo
487 2663 560 2710 vero
580 2642 732 2725 postulare
753 2641 926 2745 videantur.
970 2641 1081 2708 Dicam
1102 2645 1187 2725 quod
1199 2643 1267 2709 sen·

295 2829 361 2905 tio,
384 2838 434 2904 et,
462 2837 499 2888 ut
518 2821 665 2902 arbitror,
693 2821 791 2889 dicam
819 2839 923 2889 vere.¹
946 2821 1051 2887 Nemo
1072 2823 1265 2906 mortalium,

292 3002 315 3069 st
336 3022 399 3069 rem
420 3001 601 3107 perfectioni
622 3001 752 3075 naturali
773 3003 957 3073 officientem
974 3002 1102 3087 jurarit,
1123 3004 1266 3089 obligati-

298 3184 367 3249 onis
392 3184 563 3251 neceffitate
583 3196 735 3249 teneatur.
781 3182 849 3265 jam
876 3185 1009 3264 primum
1030 3183 1167 3251 omnium
1187 3184 1267 3249 illud

298 3377 472 3447 terreamus,
498 3362 639 3429 inomni
665 3359 858 3443 promissione
885 3377 949 3428 tres
976 3361 1161 3445 potiiiimum
1189 3380 1265 3472 cau·

297 3536 345 3609 sas
368 3542 427 3609 effe
448 3542 666 3623 observandas3
694 3544 739 3611 titt
765 3547 819 3630 qui
830 3544 1006 3629 promittit,
1035 3542 1265 3627 adpromitrea·

296 3722 371 3791 dum
393 3722 438 3807 fit
470 3724 607 3791 idoneus:
637 3742 682 3788 res
703 3719 768 3809 ipsa
787 3716 921 3810 promiffl
942 3717 981 3802 βε
1001 3732 1117 3803 capax:
1135 3730 1165 3782 er
1176 3713 1264 3803 pofflt

290 3898 443 3988 praestari
468 3924 489 3968 a
511 3904 715 3989 promittente.
761 3859 834 3967 Vici.
866 3913 1018 3965 oaorrr
1043 3892 1134 3984 Oper.
1162 3895 1263 3963 Theoi.

300 4078 340 4143 Τ.
362 4078 406 4145 Il.
416 4095 452 4165 p.
473 4081 528 4150 61.
575 4080 627 4147 Ab
654 4078 704 4145 his
730 4077 900 4163 praeceptis
908 4090 924 4159 3¹
949 4089 1093 4160 tanquam
1120 4076 1267 4159 afonte,

302 4254 406 4326 omnis
421 4258 521 4328 nostra
534 4260 727 4329 ratiocinatio
740 4260 882 4325 ducatur.
923 4253 1141 4343 Jusjurandum
1155 4257 1268 4346 igitur,

762 4424 836 4513 G5
1214 4439 1273 4485 un·
