3725 5750
602 843 664 896 m
868 818 1310 888 OBSERVATIONES

597 1031 757 1098 utilitatem
785 1027 878 1110 Reip.
900 1039 993 1108 atque
1020 1023 1182 1090 hominum
1203 1026 1344 1092 societati
1367 1023 1478 1092 afferre
1501 1044 1589 1109 pos·

597 1205 666 1274 suu.
708 1205 817 1288 Itaque
839 1206 871 1272 vi
892 1218 1021 1270 coaetus
1040 1222 1132 1268 nemo
1154 1201 1329 1285 obligatur,
1351 1205 1422 1287 sed,
1447 1224 1540 1270 eum
1553 1202 1587 1266 ib

596 1383 657 1450 lius
678 1383 734 1468 sat,
758 1404 850 1468 quent
872 1384 991 1450 bonum
1004 1384 1106 1450 virum
1127 1380 1276 1462 dicimus,
1298 1383 1497 1449 reverentiae
1511 1383 1586 1448 Deo

511 1617 514 1624 t
599 1563 721 1630 debitae
742 1585 807 1630 non
830 1561 1038 1628 immemorem
1058 1562 1136 1642 esse,
1164 1561 1280 1643 semper
1296 1562 1524 1648 jurijurand0,
1550 1561 1587 1624 li·

599 1745 700 1812 eetvi
721 1757 851 1824 coacto,
873 1741 948 1826 stet,
969 1760 1068 1824 neque
1090 1759 1226 1821 unquam
1248 1742 1307 1807 ulla
1328 1742 1445 1808 ratione
1468 1740 1585 1806 addu—

600 1937 709 2006 eatur,
738 1937 775 1988 ut
800 1922 900 1988 datam
928 1921 1023 1988 fidem
1049 1919 1153 2002 sallat,
1181 1878 1329 2003 quatenus
1352 1940 1401 1987 res
1420 1919 1516 1987 licita
1542 1918 1581 1984 stt

599 2103 713 2192 jurata.

637 2283 744 2365 Atque
764 2283 806 2348 ita
827 2299 885 2348 nos
907 2279 1022 2346 Stoicis
1043 2299 1107 2346 non
1122 2279 1343 2362 adscribimus,
1364 2277 1507 2365 (quibus
1522 2297 1574 2344 eo·-

601 2475 668 2528 acta
689 2463 833 2528 voluntas
854 2474 954 2526 tamen
976 2472 1040 2523 erat
1060 2459 1218 2524 voluntas.
1261 2458 1343 2524 Wda
1354 2455 1395 2524 L.
1408 2475 1466 2525 αι.
1482 2461 1516 2540 §.
1540 2469 1569 2543 5.

598 2641 648 2709 D.
667 2641 747 2728 quod
765 2654 858 2706 metus
878 2637 990 2724 causta)
1011 2637 1285 2703 cumvoluntatem
1306 2636 1442 2703 hominis
1457 2639 1500 2704 ad
1512 2636 1571 2702 sce-

599 2821 649 2887 lus
670 2818 908 2903 perpetmndum
939 2817 1011 2901 cogi
1031 2837 1094 2884 non
1114 2816 1199 2900 posse
1220 2817 1441 2885 existimemus.
1485 2818 1570 2883 Prae·

597 3012 681 3063 tores
703 2996 876 3063 Romania
897 2995 1073 3075 Stoicorum
1099 2997 1220 3079 placitis
1244 2999 1374 3065 maxime
1401 2996 1514 3079 alieni,
1538 2993 1567 3060 vi

598 3172 850 3261 promittentibus
875 3179 1087 3257 exceptionem
1107 3179 1187 3267 quod
1201 3194 1295 3245 metus
1314 3174 1407 3261 causta
1430 3176 1506 3243 Vid.
1523 3174 1561 3240 L.
1626 3265 1627 3274 ἵ

595 3373 628 3425 1.
648 3354 713 3421 Tit.
743 3352 807 3419 ead·
829 3354 1054 3423 concedebant.
1096 3356 1255 3441 Deinceps
1274 3377 1368 3441 porro
1389 3356 1560 3422 Fredeaicm

596 3532 740 3621 Imperat.
761 3530 881 3615 egregia
901 3531 968 3615 lege
995 3534 1172 3618 constituit,
1201 3535 1386 3605 sacramenta
1412 3534 1559 3619 puberum

599 3730 657 3797 per
683 3711 766 3793 vim,
792 3712 843 3778 vel
864 3732 919 3796 per
937 3710 1053 3797 justum
1074 3719 1190 3781 'metum
1213 3731 1350 3798 extorta,
1372 3710 1558 3805 nudiusseffe

599 3890 766 3960 momenti:
801 3890 875 3959 Vid.
911 3889 953 3958 L.
995 3912 1024 3960 1.
1055 3893 1093 3959 C.
1118 3893 1151 3979 fi
1178 3893 1318 3979 adversm
1339 3894 1553 3961 uenditionem.

596 4052 734 4148 Dignum
757 4064 819 4151 est,
842 4070 926 4153 quod
949 4068 1144 4152 observetur,
1172 4090 1393 4156 nonnunquam
1413 4071 1557 4137 summum

598 4239 801 4327 Imperantem
835 4249 876 4317 vi
900 4251 1014 4324 entorti
1027 4273 1035 4317 .·
1045 4250 1245 4338 jurisjurandi
1277 4252 1403 4351 gratiam
1442 4250 1557 4325 sacen,

1460 4428 1556 4501 quen·
1626 4459 1627 4462 ,
