3725 5750
542 844 603 912 on
640 843 973 958 JoneJonnnno·
1194 859 1239 940 ⁶5

208 1090 212 1111 ·
262 1073 431 1136 tenemus,
451 1073 488 1122 ex
507 1052 628 1118 historia
648 1067 748 1134 petere
769 1001 935 1136 vellemus,
957 1075 1019 1123 non
1038 1059 1232 1144 iongeerunt

264 1235 461 1318 quaerenda:
488 1251 582 1297 unum
602 1234 767 1298 alterumve
794 1231 930 1314 proferre
959 1233 1029 1302 satis
1054 1238 1233 1310 habeamus.

209 1466 211 1476 .
261 1416 361 1480 Cum·
380 1432 462 1478 anno
488 1412 580 1498 1578.
620 1409 894 1494 Medioburgenscs
923 1412 956 1478 in
983 1435 1021 1480 eo
1054 1417 1167 1501 essent,
1195 1434 1232 1486 ut

261 1592 471 1657 Mennonitas
487 1591 589 1676 jurare
610 1604 774 1672 cogerent,
798 1609 862 1672 quo
884 1591 986 1657 minus
1004 1594 1034 1659 id
1054 1596 1157 1678 ficret,
1175 1599 1234 1664 ini-

210 1833 213 1840 .
260 1770 386 1852 pedivit
418 1769 597 1837 Gulielinue
623 1770 767 1850 primus,
801 1783 893 1849 atque
925 1769 995 1834 illos
1036 1756 1234 1842 affinnotione

259 1947 318 2016 sun
339 1950 387 2014 uti
407 1949 517 2015 voluit.
561 1948 637 2014 Wd.
657 1947 757 2013 Leoen
777 1967 839 2012 van
860 1967 1033 2016 wlnnnnc
1061 1954 1098 2019 de
1115 1953 1171 2034 Iste
1193 1954 1233 2022 T.

208 2161 212 2219 j
259 2127 325 2194 III.
360 2145 399 2216 p.
433 2145 508 2211 727.
547 2125 645 2193 Conf.
675 2145 837 2192 wnonn
868 2128 947 2195 Vad.
979 2127 1060 2212 Hist.
1089 2131 1127 2198 T.
1157 2131 1235 2202 VII.

209 2342 212 2382 7
250 2321 292 2392 p.
317 2322 396 2371 210.
428 2318 459 2369 et
488 2322 689 2370 cnn1s1nn
718 2305 847 2371 Tableau
884 2305 920 2372 de
938 2307 1042 2390 I’Hist.
1069 2310 1146 2376 Gen.
1176 2311 1229 2378 dec

259 2483 360 2549 Proo.
383 2481 444 2549 Un.
467 2483 503 2549 T.
522 2478 580 2548 III.
595 2498 633 2570 p.
657 2494 728 2568 359·
777 2482 886 2569 Quid?
915 2485 1001 2567 quod
1023 2507 1105 2553 oniio
1128 2507 1231 2574 1747,

261 2682 335 2728 cum
365 2667 498 2746 quisque
523 2681 581 2744 pro
609 2675 672 2727 rata
700 2661 843 2744 portione
871 2660 955 2728 suam
983 2664 1021 2728 ad
1048 2665 1233 2732 donationem

262 2805 544 2925 liberalemsquae
570 2841 701 2924 dicitur,
728 2839 891 2925 pecuniam
920 2839 1041 2925 juratus
1061 2840 1232 2927 conferret,

262 3021 467 3087 Mennonitae
480 3020 591 3087 assueta
603 3021 817 3089 tantummodo
828 3019 961 3088 formula
980 3021 1023 3087 ufi
1035 3020 1116 3088 sunt.
1158 3022 1231 3095 Vid.

266 3220 469 3269 cenlsinn
488 3203 510 3269 1.
531 3204 554 3269 Ι.
575 3201 656 3269 Tem.
674 3202 715 3267 X.
728 3216 765 3285 p.
784 3220 858 3288 433.
901 3201 1006 3283 Atque
1027 3200 1132 3267 eadem
1152 3222 1233 3283 quo-

269 3332 328 3459 que
343 3380 387 3447 est
398 3382 619 3468 Quakerorum
641 3380 738 3461 ratio,
762 3381 817 3465 qui
832 3400 990 3461 nunquam
999 3380 1121 3464 jurant,
1142 3400 1181 3443 ne
1201 3382 1234 3447 in

263 3557 330 3640 ipso
353 3558 478 3639 quidem
497 3557 626 3642 judicio.
676 3558 749 3627 Ved.
774 3580 995 3627 voennlne
1016 3558 1176 3645 Melanges
1195 3559 1234 3623 de

263 3738 458 3844 Litteracure
476 3748 506 3801 et
524 3735 561 3800 de
575 3730 661 3799 Philo
675 3732 757 3819 opbie
779 3736 871 3822 Chap.
887 3736 948 3801 ΙΙΙ.
987 3736 1023 3800 In
1036 3736 1148 3819 Anglia
1162 3734 1234 3801 Gu-

265 3913 387 3983 lielmus
413 3917 482 3983 Rex
507 3914 584 3994 illis,
614 3926 649 3977 ut
675 3910 803 4017 simplici
830 3914 1028 3979 afflnnatione
1056 3927 1233 3999 uterentur,

267 4094 422 4163 concessit.
465 4093 525 4161 Sed
539 4094 649 4160 deinde
662 4097 752 4163 etiam
766 4093 929 4163 formulam
942 4093 1041 4175 iilam,
1056 4115 1153 4160 coram
1164 4094 1232 4163 Deo

269 4277 471 4373 omnipotenti,
499 4274 666 4347 rescindere
688 4278 871 4359 voluerunt,
893 4276 999 4360 quod,
1026 4295 1132 4360 magno
1161 4292 1232 4341 com

731 4441 761 4509 E
1161 4437 1235 4502 Cle-
