3725 5750
592 801 662 887 'nn
701 807 1027 906 JtmuJuunuuo
1244 845 1302 910 ut

324 1031 381 1098 'ira
404 1001 474 1099 illos
496 1039 636 1111 agerent,
659 1025 712 1109 qui
732 1023 916 1107 praesentem
938 1026 1032 1110 Reip.
1056 1013 1166 1096 statum
1182 1049 1301 1104 mutare

323 1211 467 1294 ¹vellent,
483 1223 575 1289 atque
589 1205 651 1272 dira
667 1206 699 1270 in
711 1204 760 1287 se,
774 1203 1001 1287 familiamque,
1015 1206 1232 1291 imprecatione
1243 1212 1298 1282 iste

329 1385 517 1456 sollemnitas
539 1387 748 1472 perorabatur.
790 1381 867 1448 Vid.
888 1361 1008 1471 voyage
1025 1371 1064 1451 'd‘
1071 1373 1296 1476 Anacharsim

324 1564 428 1632 'Grrce
451 1553 487 1633 T.
510 1567 553 1634 Is.
569 1583 606 1654 p.
635 1564 709 1650 278.
759 1560 1030 1648 Quemadmodum
1055 1563 1137 1646 apud
1161 1565 1295 1650 Judaeoe

326 1744 408 1809 nihil
436 1743 499 1811 fere
528 1746 628 1810 aslum
656 1741 716 1807 suit
743 1740 939 1824 injudicio,
964 1723 1054 1820 ⁴quoti
1080 1761 1144 1809 non
1166 1743 1295 1832 jurisju-

320 1924 414 1989 randi
435 1927 579 2010 religione
592 1922 779 2000 limaretur,
800 1918 876 1984 Vid.
901 1938 1087 1986 caoctus
1107 1921 1151 1986 ad
1169 1921 1291 1993 Martia.

317 2100 401 2187 cap.
423 2103 464 2170 V.
486 2127 533 2170 vs.
556 2123 615 2189 33,
637 2100 679 2165 ita
700 2099 781 2181 apud
802 2097 942 2164 Graecos
962 2098 994 2164 in
1016 2099 1114 2166 causas
1136 2099 1291 2182 judiciali-

321 2277 386 2344 bus
409 2280 563 2366 ¹religiosae
584 2279 788 2346 affirmationis
809 2277 880 2344 usus
901 2276 1117 2360 saepenumero
1138 2281 1284 2349 occurrit.

319 2459 393 2542 Sic,
417 2476 452 2526 ut
473 2462 533 2526 boc
556 2473 640 2540 utar,
662 2459 752 2546 (nam
775 2459 877 2525 omnia
890 2475 1066 2523 enumerare
1079 2458 1205 2541 longum
1220 2461 1284 2546 est)
1373 2521 1377 2526 ,

315 2637 424 2720 aliquo
447 2641 547 2706 caedis
568 2638 733 2720 accusato,
759 2638 880 2718 Actor,
908 2651 1071 2717 antequam
1095 2636 1217 2720 judices
1243 2641 1284 2706 ad

314 2816 517 2885 accusationis
539 2818 786 2905 dijudicationem
810 2837 913 2886 curam
936 2814 1020 2881 suam
1033 2811 1200 2902 referrent,
1221 2819 1281 2888 irn-

314 2978 437 3065 molatis
459 3000 588 3067 vistimis
609 3000 647 3065 ad
676 3021 742 3069 aras
768 3016 822 3067 tar
838 3014 946 3088 ‘caperon
966 3005 1045 3064 Θεωυ
1062 2996 1204 3082 jurabat,
1226 3016 1277 3083 et,

311 3176 333 3243 fi
361 3180 531 3249 calumniae
552 3180 648 3265 gratia
669 3198 754 3245 reum
777 3124 879 3260 injus
899 3176 1084 3257 vocavisset,
1105 3178 1206 3257 inse,
1226 3177 1278 3243 su-

314 3373 429 3439 amque
454 3352 618 3440 familiam,
646 3340 771 3427 exitium
793 3355 1029 3439 imprecabatur.
1073 3354 1162 3420 Reus
1181 3372 1276 3436 porro

308 3534 398 3601 Dens
428 3534 458 3597 in
479 3532 528 3611 se,
551 3534 683 3613 liberos,
711 3514 1072 3615 poster'osjque,u1t0'res
1092 3531 1275 3615 invocabat,

310 3711 366 3779 nist
387 3710 593 3778 innocentiam
614 3709 697 3777 suam
719 3694 882 3793 probaret,
904 3724 995 3792 atque
1017 3700 1095 3777 adeo
1115 3684 1224 3795 injuste
1244 3659 1281 3776 se
1332 3733 1335 3744 ¹

311 3892 348 3958 ab
377 3888 551 3959 accusatore
576 3892 609 3957 in
629 3874 801 3977 periculum
829 3888 939 3972 capitis
959 3887 1018 3954 esse
1038 3888 1205 3957 adductum
1227 3889 1274 3957 as·

277 4069 459 4136 ,trfirmabat
507 4071 608 4137 Prima
635 4072 737 4138 habita
765 4070 922 4153 oratione,
952 4088 1024 4135 reus
1045 4069 1077 4135 in
1099 4068 1272 4138 defensione

310 4244 363 4315 sua
383 4248 569 4319 seueritatis
591 4250 725 4321 habuisse
746 4251 914 4335 tationem,
936 4248 1222 4336 accusatorautem,
1240 4250 1270 4317 se

1236 4415 1269 4480 itt
