3725 5750
533 827 599 908 DE
635 817 975 924 JUREJUR'ANDoss
1174 844 1240 926 try
1295 913 1299 916 ,

255 1055 394 1131 tamen,
415 1051 507 1125 curn,
529 1042 552 1110 fr
572 1031 772 1108 narrationem
784 1041 945 1110 Livranam
956 1042 998 1110 L.
1011 1040 1120 1110 mim
1141 1044 1244 1114 mitior

251 1232 348 1296 inde
360 1228 517 1310 inspicias,
543 1209 757 1290 Romanorum
783 1233 832 1286 res
857 1223 899 1287 ita
919 1221 1014 1289 effent
1030 1223 1238 1307 constitutae,

256 1419 318 1490 ut,
343 1407 366 1474 st
388 1407 440 1472 illa
455 1400 575 1488 sponsio
596 1421 661 1467 non
682 1399 787 1482 fieret,
816 1399 916 1466 omnis
937 1402 1156 1472 exercitusuei
1175 1425 1232 1472 oc«

258 1587 383 1654 cifione'
404 1585 570 1663 deleretur,
591 1577 694 1646 vulin
715 1580 1235 1664 captiuitatemabduceretur,1117⁴

255 1767 306 1833 hil
330 1766 428 1850 magis
448 1760 593 1846 aequitati
613 1759 762 1840 naturali,
787 1760 911 1843 jurique
932 1759 1013 1826 inter
1032 1757 1138 1846 gentes
1157 1781 1233 1828 con-

208 2030 209 2033 *
254 1945 391 2044 stitut0,
405 1941 634 2021 conveniebat,
656 1957 749 2020 quam
769 1937 870 2004 datam
889 1937 982 2006 fidem
1000 1939 1128 2012 servare.
1158 1942 1237 2016 Vide

207 2177 208 2180 ,
256 2141 474 2190 curemur).
497 2119 540 2206 J.
555 2115 604 2185 N.
623 2131 652 2184 et
669 2114 711 2180 G.
737 2116 778 2181 L.
796 2115 886 2185 VIII.
901 2119 938 2183 C.
950 2137 985 2204 9.
999 2121 1030 2201 §.
1047 2137 1099 2187 12.

296 2298 525 2388 Jusjmandum
546 2298 618 2364 dolo
638 2293 800 2378 elicitum,
813 2315 850 2362 ex
871 2295 1077 2366 eodemfonte
1089 2300 1230 2381 derivesa

253 2487 272 2548 a
295 2499 364 2563 quo
377 2479 471 2556 illud,
485 2492 568 2544 metu
589 2489 759 2556 emortum,
781 2476 984 2562 deduximus,
997 2481 1102 2562 quod,
1123 2480 1147 2545 sr
1158 2497 1229 2563 per-

253 2660 391 2726 fectioni
412 2657 539 2726 naturali
559 2654 689 2735 officiat,
712 2673 776 2720 non
795 2655 976 2724 servandum
988 2658 1048 2740 est,
1070 2658 1178 2724 srvero
1193 2658 1231 2723 ab

252 2839 309 2905 'illa
333 2859 398 2907 non
417 2837 550 2918 recedit,
578 2833 654 2900 nihil
681 2833 742 2915 est,
765 2834 851 2934 quod
874 2836 1048 2920 quempiam
1069 2859 1087 2906 a
1108 2837 1162 2905 tali
1182 2855 1230 2903 re-

257 3019 375 3102 iigione
396 3018 503 3087 solvat.
547 3016 581 3083 Si
601 3016 682 3081 enim
701 3034 749 3079 res
767 3007 865 3099 jurata
887 3016 1038 3100 ejusmodi
1055 3018 1111 3099 stt,
1133 3031 1168 3083 ut
1183 3016 1230 3083 fa·

262 3196 320 3261 cile
343 3198 382 3263 ad
403 3198 495 3264 finem
516 3194 723 3279 perducatur,
751 3212 851 3273 neque
873 3208 980 3258 contra
997 3195 1132 3260 officium
1154 3194 1232 3277 quid

260 3378 477 3457 exequendum
497 3374 553 3453 srt,
574 3392 609 3437 ac
625 3370 708 3438 nihil
726 3371 827 3437 minus
846 3372 967 3457 juratus
988 3372 1150 3435 conventis
1173 3370 1232 3436 sta-

259 3573 294 3621 re
317 3554 470 3633 denegat,
500 3548 584 3611 illum
610 3567 675 3611 non
694 3548 790 3613 solum
811 3550 913 3615 officio
935 3552 1121 3617 contrarium
1143 3522 1233 3632 agere

259 3720 422 3809 existimo,
444 3745 549 3792 verum
573 3724 662 3819 edam
681 3725 804 3809 perjuro
825 3723 1007 3791 fimillimum
1033 3725 1092 3793 effe
1110 3724 1230 3811 judico.

257 3908 334 3991 Sic,
357 3923 394 3973 ut
413 3908 475 3973 hoc
496 3920 582 3985 utar,
605 3905 746 3991 perjurus
767 3903 822 3985 srt,
843 3904 915 3987 qui,
929 3902 1230 3999 summolm'perante

254 4084 436 4168 deferente,
460 4084 674 4173 jusjurandum
702 4084 968 4151 accommodatum
990 4085 1028 4151 ad
1048 4084 1141 4168 Reip.
1170 4083 1229 4151 sta·

263 4274 347 4347 tum,
369 4264 430 4331 huc
450 4266 483 4334 vi
505 4268 645 4333 coretum
667 4267 894 4348 interpretetur.
939 4267 1022 4335 Cum
1034 4284 1229 4351 praecavere,

729 4431 803 4519 Ha
923 4476 925 4481 -
1204 4442 1244 4491 ne
