3725 5750
566 861 634 924 ω,
827 839 1269 912 oosurvrrrorues

569 1052 712 1138 equidem
732 1047 876 1114 affirmare
896 1047 1047 1131 audeam,
1075 1067 1147 1116 cum
1168 1051 1207 1116 ab
1228 1049 1401 1118 istiusmodi
1414 1051 1534 1120 ratioci-

568 1227 694 1300 natione
714 1225 790 1294 hacc
811 1225 988 1293 consecutio
1015 1225 1199 1308 duceretur,
1223 1247 1331 1296 omncs
1352 1229 1539 1309 homicidii,

569 1408 731 1491 sluttere,
760 1407 967 1489 srmiliumque
988 1406 1150 1476 criminum
1169 1397 1446 1478 'inimadversrones
1466 1409 1539 1474 Deo

571 1569 868 1672 effepermittendao.
892 1585 1006 1654 Nullae
1018 1605 1090 1670 ergo
1108 1588 1210 1670 leges,
1227 1588 1309 1654 nulla
1318 1587 1422 1672 judica
1433 1587 1536 1668 ,nulla

570 1766 692 1854 judices
700 1815 712 1851 ‚
721 1731 804 1834 nulla
816 1765 968 1848 denique,
982 1765 1534 1851 quamprofitemur‚Jurisprudentir.

613 1947 731 2029 Porro,
752 1966 824 2013 cum
843 1945 961 2029 iudices
982 1943 1020 2008 ab
1043 1944 1108 2028 ipso
1121 1943 1355 2012 Dcoconstituti
1375 1945 1454 2026 ssot,
1477 1959 1535 2025 ut,

574 2138 778 2212 quaecunque
797 2123 917 2192 divinae
944 2123 1097 2190 voluntati
1124 2126 1276 2192 contraria
1302 2136 1536 2209 peragerentur,

579 2305 873 2385 animadverterent,
895 2303 995 2386 lisque
1015 2321 1156 2388 magnam
1178 2303 1389 2370 auctoritorem
1410 2303 1537 2370 Numen

576 2482 761 2568 Supremum
782 2481 941 2562 tribuerit,
963 2500 1027 2548 uon
1046 2483 1163 2550 iccirco
1182 2479 1244 2563 ipse
1262 2481 1325 2568 juri
1344 2481 1399 2549 luo
1423 2501 1538 2547 renun-

576 2662 688 2746 ciavit,
712 2683 777 2746 quo
804 2663 948 2730 nimirum
970 2683 1078 2732 omnes
1099 2661 1229 2728 malefici
1250 2680 1347 2742 aeque
1368 2681 1405 2727 ac
1426 2657 1542 2744 periuri

574 2843 610 2913 iu
629 2839 712 2907 stram
743 2841 909 2908 vindicium
933 2843 1121 2925 inciderent;
1150 2841 1172 2907 fi
1196 2838 1542 2928 itaqueojudic=epu1

572 3019 700 3089 nluntur
720 3017 911 3101 homicidae,
931 3038 1032 3103 poena
1054 3038 1180 3103 quoque
1203 3018 1352 3085 afficiendi
1373 3018 1443 3083 sunt
1462 3010 1539 3101 per·

574 3198 656 3284 juri,
683 3211 734 3281 et,
760 3218 801 3265 un
825 3201 975 3269 violaturo
1001 3198 1216 3287 jusjurandum
1242 3196 1373 3265 severius
1400 3196 1542 3263 animod-

579 3382 817 3463 renuerent,
843 3382 914 3449 Deo
941 3378 1174 3463 relinquendum
1201 3376 1257 3444 eli.
1304 3378 1482 3457 Praeterea,
1515 3376 1541 3443 li

558 3560 619 3655 'ed
652 3560 803 3627 societatis
841 3560 1002 3627 utilitatem
1037 3578 1100 3625 rem
1133 3558 1246 3625 referre
1276 3556 1436 3637 velimus,
1470 3554 1541 3637 opl-

575 3739 704 3807 aionem
738 3738 1011 3823 perniciofiffimam
1052 3738 1107 3823 qui
1144 3739 1268 3825 periuro
1313 3738 1424 3805 nullam
1463 3694 1543 3817 poe-

580 3937 653 3987 nam
689 3916 852 4001 infligunt,
892 3925 924 3985 ln
959 3918 1113 3985 civitatem
1145 3918 1318 3999 inducere,
1358 3934 1428 3983 vere
1465 3912 1544 3981 mihi

582 4093 755 4168 videentur.
822 4096 990 4181 Inprimis,
1040 4114 1112 4163 cum
1153 4115 1261 4164 omnes
1307 4092 1372 4163 fere
1390 4116 1392 4121 ·
1410 4108 1543 4181 geuteS,

583 4289 676 4356 quom
702 4276 849 4345 diversam
875 4278 909 4345 in
940 4278 1001 4347 hoc
1029 4296 1047 4343 a
1074 4278 1287 4346 Romanorum
1315 4272 1540 4360 legislatoribus

1477 4432 1551 4501 ien-
