3725 5750
610 803 641 898 ,a
886 777 1324 880 otsurvnrronms

612 995 709 1064 larum
733 1002 871 1058 naturam
899 1004 930 1052 et
957 989 1090 1057 indolem
1110 989 1189 1056 reite
1212 989 1372 1072 cognorit,
1394 993 1602 1072 pentamen-

617 1185 681 1236 tur.
723 1165 912 1254 Quicunque
929 1165 1023 1252 igitur
1035 1183 1244 1252 argumentum
1260 1169 1406 1251 gravioris
1422 1173 1598 1258 cujusdam
1637 1177 1639 1292 l

617 1347 794 1432 disciplinae
819 1347 969 1430 explicare
999 1347 1208 1432 aggrediatur,
1236 1347 1269 1412 in
1291 1347 1369 1413 hanc
1396 1369 1509 1416 curam
1538 1373 1596 1418 co-

621 1471 861 1628 gitationemque
872 1523 1176 1608 incumbat,necnlla
1198 1525 1259 1608 eli,
1281 1540 1390 1592 utrem
1412 1527 1511 1621 ipsam
1527 1532 1593 1598 vel·

617 1721 654 1773 ut
671 1706 844 1787 materiam,
866 1725 958 1790 quarn
979 1707 1105 1786 trailet,
1128 1704 1182 1770 srbi
1196 1705 1359 1790 lubjciinm
1372 1723 1519 1772 accurate
1535 1709 1591 1772 de·

622 1885 735 1966 finiat,
772 1903 844 1950 cum
872 1883 1010 1950 definitio
1043 1883 1123 1950 hanc
1150 1883 1260 1950 habeat
1286 1878 1349 1952 vim
1373 1900 1404 1950 et
1429 1885 1592 1966 praestan-

617 2067 710 2145 tiam,
738 2075 774 2128 ut
798 2081 847 2128 res
866 2063 1020 2166 involutas
1040 2063 1178 2148 aperiat,
1207 2077 1256 2144 et,
1275 2065 1433 2145 quomodo
1455 2069 1493 2133 ab
1518 2071 1588 2136 aliis

567 2186 569 2189 Ι
620 2244 714 2310 rebus
734 2240 1197 2326 dijudicentur,comm0nstret.
1246 2241 1339 2308 Unde
1350 2263 1386 2310 ea
1396 2242 1513 2329 semper
1525 2246 1587 2313 fuit

620 2423 688 2488 laus
713 2419 1005 2488 Mathematicorum
1029 2434 1174 2503 tanquam
1199 2423 1339 2506 propria,
1368 2424 1472 2506 quod,
1495 2427 1585 2508 quit·
1638 2501 1639 2508 ἵ

621 2600 696 2684 quid
714 2600 851 2666 dicerent
874 2599 1096 2681 scriberentve,
1124 2602 1307 2684 geometrica
1325 2605 1487 2672 subtilitate
1506 2607 1582 2672 deli·

620 2780 739 2859 nirent,
761 2793 853 2860 atque
874 2779 915 2844 ita
928 2780 966 2846 ad
981 2781 1135 2848 meliorem
1148 2800 1248 2848 return
1264 2783 1490 2868 intelligentiam
1503 2786 1583 2852 viam

622 2959 788 3025 munirent.

660 3138 714 3205 Ad
733 3137 813 3206 hanc
833 3137 926 3223 igitur
946 3158 1084 3209 normam
1105 3160 1163 3207 noa
1190 3156 1428 3225 componentes,
1450 3142 1523 3225 quid
1544 3142 1579 3209 srt

617 3314 714 3397 itud,
736 3316 775 3385 de
794 3335 859 3398 quo
878 3317 971 3385 fimus
992 3320 1106 3401 attari,
1126 3321 1294 3387 videamus.

663 3494 842 3578 Secundum
868 3514 1122 3568 ciceronum
1147 3500 1184 3581 de
1203 3496 1289 3589 Offic.
1310 3499 1372 3579 III.
1391 3518 1445 3587 29.
1468 3496 1519 3583 (ut
1538 3498 1576 3563 ab

619 3674 681 3740 hoc
702 3674 822 3762 ordiar)
840 3676 1055 3763 jusjurandum
1076 3677 1119 3744 cst
1138 3674 1307 3764 Affirmatio
1326 3677 1483 3767 religiosa,
1503 3673 1577 3765 quad

618 3869 717 3921 autera
733 3851 881 3937 afflante
899 3856 987 3944 quast
1004 3856 1070 3924 Dea
1088 3856 1157 3939 teste
1168 3856 1360 3944 promserit,
1373 3856 1409 3923 td
1422 3854 1572 3923 tenendum

620 4028 673 4113 est.
713 4030 803 4099 Hanc
815 4033 1043 4118 definitionem,
1059 4056 1150 4120 quam
1162 4035 1244 4106 suam
1257 4056 1383 4122 quoque
1395 4036 1469 4105 iecit
1488 4054 1578 4111 tarto·¹

620 4227 719 4280 utus
744 4210 782 4279 da
805 4210 831 4285 I.
851 4216 893 4289 B,
910 4232 941 4286 et
956 4216 998 4287 P.
1021 4212 1065 4285 Il.
1082 4232 1133 4303 13.
1155 4234 1186 4287 1.
1208 4218 1402 4318 itacxplicat
1427 4234 1576 4298 nourr,

834 4378 843 4387 “
1539 4381 1576 4450 ad
1636 4336 1637 4425 Ῑ
