3725 5750
585 835 648 906 nr:
680 824 1010 921 ronamnnnno
1241 812 1287 922 a>

312 1046 542 1130 exsequendum
562 1061 662 1114 autem
687 1061 742 1127 ea,
768 1062 849 1127 qnae
869 1046 919 1112 vel
942 1043 1037 1130 ju'iati
1062 1044 1284 1130 promiserant,

317 1223 467 1291 tardiores
488 1224 564 1307 esse,
591 1224 813 1309 perspicerent,
835 1238 866 1290 et
888 1243 964 1291 vcro
980 1225 1070 1292 etiam
1092 1226 1163 1293 inde
1179 1227 1285 1314 peria»,-

316 1403 379 1486 rin,
400 1405 499 1487 rixas,
526 1403 637 1471 caedes
661 1404 794 1488 denique
812 1403 960 1487 originem
981 1405 1094 1472 ducere
1112 1374 1283 1492 deprehen*-

316 1581 442 1664 de'rent‚
457 1584 561 1666 ‘probe
579 1583 726 1666 scientes,
746 1583 846 1650 litium
865 1600 1027 1649 numerum
1049 1585 1152 1668 augeri
1172 1585 1283 1652 identi-

319 1761 389 1828 de'm
416 1781 607 1848 nequaquam
636 1763 696 1829 esse
719 1782 737 1828 e
758 1782 792 1828 te
813 1759 965 1842 civitatis,
989 1762 1050 1828 vim
1074 1761 1172 1844 pastis
1192 1764 1283 1830 nud'm
1312 1721 1316 1728 Ι

321 1955 353 2006 et
369 1939 560 2026 J’urijorando
587 1939 782 2025 promissorio
809 1939 1007 2021 ademerunt,
1035 1954 1127 2024 atque
1154 1940 1231 2006 adeo
1252 1961 1286 2006 a·

320 2118 452 2185 &ionem
463 2119 587 2185 civibus
597 2116 702 2184 stitia
713 2117 766 2184 tali
774 2118 864 2199 pano
875 2119 1073 2220 denegarunt.
1091 2117 1167 2184 Vid.
1180 2137 1286 2186 annai·

322 2315 386 2362 atra
399 2296 524 2384 Recepi.
546 2296 677 2381 Sortem.
692 2295 732 2362 L.
755 2295 800 2362 Is.
823 2297 885 2363 sit.
905 2315 953 2379 14.
970 2302 1039 2366 ierit.
1082 2299 1189 2384 itaque
1210 2319 1283 2366 cum

318 2474 533 2562 jusjurandum
552 2473 775 2558 promissorium
786 2476 932 2560 maiorem
945 2435 1006 2542 virn
1019 2479 1109 2560 pasto
1122 2477 1207 2544 nudo
1219 2498 1285 2545 non

321 2655 453 2734 habeat,
481 2652 640 2720 necessaria
661 2654 901 2736 consecutione,
935 2654 1085 2722 neminem
1109 2655 1171 2722 hoc
1198 2675 1288 2738 prac-

321 2829 393 2900 stito
415 2831 533 2900 causam
551 2831 633 2901 suam
655 2833 796 2949 firmare,
820 2831 963 2903 efficitur.
1005 2833 1049 2902 At
1077 2831 1137 2903 hoc
1162 2852 1225 2900 non
1247 2851 1286 2901 eo

321 3012 421 3078 valeat
440 3014 551 3096 velim,
573 3034 608 3080 nc
631 3014 830 3100 sinunquam
848 3018 882 3085 in
902 3016 974 3085 foto
995 3014 1137 3083 Romano
1151 3012 1210 3079 tale
1218 3012 1286 3100 jus·

314 3191 683 3275 jurandum-adhibitum
708 3194 865 3276 censeam,
892 3216 965 3263 cunr
987 3193 1047 3261 hoc
1070 3192 1285 3263 tantummodo

320 3350 419 3439 veiim
455 3374 655 3459 significare,
689 3373 903 3462 jusjurandum
938 3370 1165 3458 promissorium
1204 3382 1289 3433 extra

315 3550 470 3635 judicium
508 3550 625 3617 fastum
656 3555 769 3619 nuliam
798 3552 1016 3637 obligationem
1048 3550 1172 3629 sortiri,
1210 3546 1289 3611 ficut

324 3728 417 3795 etiam
439 3746 504 3795 non
522 3725 683 3793 confirmat
701 3742 897 3809 contractus,
923 3743 1032 3794 contra
1045 3728 1099 3811 jus
1119 3724 1208 3791 civile
1232 3724 1290 3791 itri-

322 3926 395 3992 tos,
418 3908 472 3993 qui
493 3907 690 3991 caeteroquin
708 3906 774 3994 juri
790 3918 916 3973 naturae
932 3923 997 3973 non
1012 3922 1194 3991 repugnant.
1231 3906 1289 3987 ¹Sic

325 4110 360 4156 v.
380 4110 410 4155 c.
431 4090 465 4155 in
483 4101 613 4170 mutuo,
633 4086 675 4172 fi,
700 4086 787 4173 quod
805 4085 888 4156 solvi
905 4084 988 4173 josto
1012 4101 1150 4171 tempore
1172 4084 1290 4171 debet,

317 4281 389 4340 ‘non
409 4266 559 4353 solvatur,
581 4265 705 4336 minime
728 4266 835 4340 usurae
855 4267 936 4355 exigi
960 4264 1102 4358 possunt,
1119 4264 1211 4357 (iicet
1234 4288 1291 4353 pa·

1237 4442 1290 4499 cto
