3725 5750
542 797 550 837 Γ
562 793 623 862 DE
660 790 991 883 JUREJURANDO.
1195 815 1253 880 ¹77

288 982 443 1092 quantur,
469 1004 519 1071 vel
546 966 758 1086 qualecunque
783 1001 954 1085 periculum
982 1003 1099 1087 vitent,
1120 1003 1182 1096 (*)
1204 1005 1254 1104 sa·
1342 991 1345 1000 ’

287 1188 350 1253 cile
369 1185 399 1252 se
418 1180 543 1268 perjurii
563 1179 710 1247 foeditate
731 1177 951 1246 commaculari
971 1159 1149 1263 patiantur?
1200 1281 1202 1290 y

329 1365 413 1431 Cum
432 1361 537 1442 itaque
557 1360 706 1444 originem
728 1371 760 1423 et
779 1356 884 1424 causas
903 1359 1028 1446 perjurii
1041 1363 1252 1434 considerave-

290 1545 407 1623 rimus,
427 1540 556 1622 illasque
576 1538 715 1619 avitiis,
742 1555 822 1620 quae
843 1538 949 1602 multis
970 1540 1147 1606 hominibus
1167 1543 1251 1626 quad

282 1722 392 1791 satalia
413 1720 502 1803 sunt,
522 1718 702 1804 repetendas
723 1715 782 1782 effe
803 1716 939 1782 arbitrati
960 1717 1071 1801 fimus,
1093 1738 1166 1804 age,
1187 1734 1250 1788 tam

287 1904 378 1972 taetri
409 1899 545 1968 criminis
584 1893 833 1962 consecutionem
871 1896 1063 1964 necessariam
1094 1918 1250 1984 propona-

285 2100 369 2148 mus.

326 2260 465 2327 Primum
487 2277 560 2342 ergo
581 2259 642 2325 hoc
663 2270 781 2324 certum
801 2257 986 2339 habeamus,
1012 2257 1163 2344 planeque
1190 2277 1249 2327 no·

284 2439 336 2506 bis
347 2435 600 2522 persuadeamus,
622 2437 853 2521 compromissa
874 2437 1071 2505 invocatione
1091 2439 1151 2505 Dei
1171 2455 1249 2506 con·

283 2617 404 2686 firmata
438 2617 608 2698 violamus,
641 2635 701 2682 nos
731 2617 910 2700 religionem
939 2601 1153 2696 contemnere,
1187 2613 1250 2682 fine

285 2815 350 2879 qua
369 2796 452 2861 nulla
473 2816 548 2882 gens
574 2793 763 2877 splendorem
790 2792 880 2861 suum
902 2795 1100 2891 conseruare,
1127 2795 1248 2862 liberta·

207 3026 210 3044 .
284 2989 345 3041 tem
359 2976 456 3057 tueri,
477 2976 725 3060 tranquillitatem
739 2993 770 3044 et
783 2976 961 3045 felicitatem
976 2978 1105 3044 inradias
1115 2976 1245 3061 posteris

207 3095 211 3183 ἶ
284 3153 435 3220 remittere
454 3154 567 3237 potest.
611 3156 655 3222 Et
676 3155 767 3237 quis,
793 3153 927 3237 quaeso,
949 3154 1046 3236 magis
1067 3174 1084 3219 a
1104 3156 1244 3222 Numine

282 3334 425 3419 supremo
445 3334 576 3401 alienum
596 3334 627 3401 se
652 3333 835 3417 profitetur,
864 3351 978 3425 quam,
1008 3330 1082 3413 qui,
1109 3330 1245 3401 finolam

283 3532 358 3597 erga
385 3508 462 3576 illud
488 3512 676 3593 reverentia,
703 3514 832 3579 anetum
859 3508 995 3595 decipit?
1042 3505 1145 3576 Deum
1173 3530 1247 3595 ergo

725 3689 766 3757 M
1198 3708 1248 3755 re*

286 3911 338 3997 (⁸)
358 3908 491 3977 Pulchra
502 3906 581 3987 sunt
594 3895 667 3987 illa‘,
688 3930 765 3997 quae
784 3912 822 3979 de
843 3907 986 3997 ejusmodi
1006 3927 1086 3981 metu
1104 3914 1247 3995 leguntur

326 3994 411 4145 gud
430 4010 608 4059 ceraunon.
637 3993 674 4059 de
693 3997 724 4061 la
745 3990 861 4085 fingeffe
882 3994 913 4063 L
949 3994 1010 4061 ΙΙΙ.
1033 3998 1068 4060 c.
1101 3996 1133 4063 8.
1155 4016 1188 4059 n.
1211 4011 1244 4078 7.

360 4075 416 4141 ’est
436 4078 556 4142 donner
577 4076 767 4163 temoignage
795 4082 843 4144 de'
861 4076 1003 4160 mepriser
1023 4078 1123 4158 Dieu,
1150 4094 1180 4143 et
1208 4079 1247 4143 de
1300 4101 1303 4109 ·

327 4159 467 4226 craindre
487 4161 532 4225 les
553 4160 704 4233 hommes.
749 4162 795 4229 Or
817 4160 872 4243 qu’
892 4163 1009 4244 yut-il
1021 4162 1059 4227 de
1073 4164 1144 4245 plus
1157 4182 1247 4227 mon·

325 4243 468 4324 strueux,
490 4260 551 4325 que
573 4241 669 4310 d'eme
690 4246 805 4311 couard
828 4265 846 4309 a
867 4243 1010 4314 l’endroit
1023 4248 1077 4315 des
1089 4246 1248 4326 hommes,

322 4340 356 4391 ct
375 4326 467 4395 brave
489 4348 506 4393 a
527 4325 672 4398 l’endroit
688 4328 727 4395 de
748 4326 855 4397 Dieul
