<?xml version="1.0" encoding="UTF-8"?>
<!DOCTYPE html PUBLIC "-//W3C//DTD XHTML 1.0 Transitional//EN"
    "http://www.w3.org/TR/xhtml1/DTD/xhtml1-transitional.dtd">
<html xmlns="http://www.w3.org/1999/xhtml" xml:lang="en" lang="en">
 <head>
  <title>
</title>
<meta http-equiv="Content-Type" content="text/html;charset=utf-8" />
  <meta name='ocr-system' content='tesseract 3.04.00' />
  <meta name='ocr-capabilities' content='ocr_page ocr_carea ocr_par ocr_line ocrx_word'/>
</head>
<body>
  <div class='ocr_page' id='page_1' title='image "./inauguraleselec00desgoog_0073.png"; bbox 0 0 3725 5750; ppageno 0'>
   <div class='ocr_carea' id='block_1_1' title="bbox 566 801 1408 948">
    <p class='ocr_par' dir='ltr' id='par_1_1' title="bbox 566 801 1408 948">
     <span class='ocr_line' id='line_1_1' title="bbox 566 801 1408 948; baseline -0.004 -1"><span class='ocrx_word' id='word_1_1' title='bbox 566 801 636 932; x_wconf 69' lang='lat' dir='ltr'><strong>aa</strong></span> <span class='ocrx_word' id='word_1_2' title='bbox 672 857 1001 948; x_wconf 68' lang='lat' dir='ltr'><strong>mmmmm</strong></span> <span class='ocrx_word' id='word_1_3' title='bbox 1227 855 1279 944; x_wconf 77' lang='lat' dir='ltr'><strong>ta</strong></span> <span class='ocrx_word' id='word_1_4' title='bbox 1405 869 1408 874; x_wconf 45' lang='lat'><strong><em>¹</em></strong></span> 
     </span>
    </p>
   </div>
   <div class='ocr_carea' id='block_1_2' title="bbox 283 1069 1274 1157">
    <p class='ocr_par' dir='ltr' id='par_1_2' title="bbox 283 1069 1274 1157">
     <span class='ocr_line' id='line_1_2' title="bbox 283 1069 1274 1157; baseline -0.001 -16"><span class='ocrx_word' id='word_1_5' title='bbox 283 1074 553 1155; x_wconf 78' lang='lat' dir='ltr'><strong>commodatam,</strong></span> <span class='ocrx_word' id='word_1_6' title='bbox 586 1088 661 1141; x_wconf 85' lang='lat' dir='ltr'><strong>cum</strong></span> <span class='ocrx_word' id='word_1_7' title='bbox 686 1070 823 1144; x_wconf 84' lang='lat' dir='ltr'><strong>Atheum</strong></span> <span class='ocrx_word' id='word_1_8' title='bbox 848 1070 933 1138; x_wconf 80' lang='lat' dir='ltr'><strong>nulla</strong></span> <span class='ocrx_word' id='word_1_9' title='bbox 956 1070 988 1138; x_wconf 79' lang='lat' dir='ltr'><strong>ri</strong></span> <span class='ocrx_word' id='word_1_10' title='bbox 1008 1069 1110 1156; x_wconf 82' lang='lat' dir='ltr'><strong>jurare</strong></span> <span class='ocrx_word' id='word_1_11' title='bbox 1134 1085 1185 1140; x_wconf 76' lang='lat' dir='ltr'><strong>res</strong></span> <span class='ocrx_word' id='word_1_12' title='bbox 1207 1069 1274 1157; x_wconf 73' lang='lat' dir='ltr'><strong>ipse</strong></span> 
     </span>
    </p>
   </div>
   <div class='ocr_carea' id='block_1_3' title="bbox 222 1255 1295 4200">
    <p class='ocr_par' dir='ltr' id='par_1_3' title="bbox 287 1255 462 1338">
     <span class='ocr_line' id='line_1_3' title="bbox 287 1255 462 1338; baseline -0.006 -18"><span class='ocrx_word' id='word_1_13' title='bbox 287 1255 462 1338; x_wconf 79' lang='lat' dir='ltr'><strong>loquatur.</strong></span> 
     </span>
    </p>

    <p class='ocr_par' dir='ltr' id='par_1_4' title="bbox 222 1431 1273 2586">
     <span class='ocr_line' id='line_1_4' title="bbox 337 1431 1272 1518; baseline 0 -20"><span class='ocrx_word' id='word_1_14' title='bbox 337 1433 454 1516; x_wconf 84' lang='lat' dir='ltr'><strong>Ergo,</strong></span> <span class='ocrx_word' id='word_1_15' title='bbox 482 1431 506 1496; x_wconf 85' lang='lat' dir='ltr'><strong>st</strong></span> <span class='ocrx_word' id='word_1_16' title='bbox 532 1433 616 1515; x_wconf 86' lang='lat' dir='ltr'><strong>apud</strong></span> <span class='ocrx_word' id='word_1_17' title='bbox 636 1431 828 1500; x_wconf 78' lang='lat' dir='ltr'><strong>Christianos</strong></span> <span class='ocrx_word' id='word_1_18' title='bbox 858 1447 1014 1514; x_wconf 82' lang='lat' dir='ltr'><strong>paganus,</strong></span> <span class='ocrx_word' id='word_1_19' title='bbox 1042 1432 1091 1500; x_wconf 89' lang='lat' dir='ltr'><strong>vel</strong></span> <span class='ocrx_word' id='word_1_20' title='bbox 1114 1431 1272 1518; x_wconf 55' lang='lat' dir='ltr'><strong>Judaeum</strong></span> 
     </span>
     <span class='ocr_line' id='line_1_5' title="bbox 287 1556 1272 1695; baseline 0 -19"><span class='ocrx_word' id='word_1_21' title='bbox 287 1612 362 1678; x_wconf 86' lang='lat' dir='ltr'><strong>five</strong></span> <span class='ocrx_word' id='word_1_22' title='bbox 387 1609 521 1694; x_wconf 85' lang='lat' dir='ltr'><strong>denique</strong></span> <span class='ocrx_word' id='word_1_23' title='bbox 536 1556 785 1678; x_wconf 80' lang='lat' dir='ltr'><strong>Muhamedanus</strong></span> <span class='ocrx_word' id='word_1_24' title='bbox 804 1611 837 1677; x_wconf 91' lang='lat' dir='ltr'><strong>in</strong></span> <span class='ocrx_word' id='word_1_25' title='bbox 854 1611 907 1695; x_wconf 82' lang='lat' dir='ltr'><strong>jus</strong></span> <span class='ocrx_word' id='word_1_26' title='bbox 926 1624 1077 1692; x_wconf 81' lang='lat' dir='ltr'><strong>vocatur,</strong></span> <span class='ocrx_word' id='word_1_27' title='bbox 1099 1610 1187 1692; x_wconf 86' lang='lat' dir='ltr'><strong>eique</strong></span> <span class='ocrx_word' id='word_1_28' title='bbox 1205 1611 1272 1694; x_wconf 64' lang='lat' dir='ltr'><strong>iuer</strong></span> 
     </span>
     <span class='ocr_line' id='line_1_6' title="bbox 223 1786 1272 1874; baseline 0.002 -20"><span class='ocrx_word' id='word_1_29' title='bbox 223 1814 228 1853; x_wconf 86' lang='grc'>;</span> <span class='ocrx_word' id='word_1_30' title='bbox 288 1789 470 1874; x_wconf 85' lang='lat' dir='ltr'><strong>jurandum</strong></span> <span class='ocrx_word' id='word_1_31' title='bbox 497 1789 535 1854; x_wconf 88' lang='lat' dir='ltr'><strong>ab</strong></span> <span class='ocrx_word' id='word_1_32' title='bbox 563 1791 665 1856; x_wconf 72' lang='lat' dir='ltr'><strong>adiore</strong></span> <span class='ocrx_word' id='word_1_33' title='bbox 691 1789 854 1873; x_wconf 82' lang='lat' dir='ltr'>defertur,</span> <span class='ocrx_word' id='word_1_34' title='bbox 886 1786 1050 1856; x_wconf 85' lang='lat' dir='ltr'><strong>formulam</strong></span> <span class='ocrx_word' id='word_1_35' title='bbox 1084 1805 1169 1856; x_wconf 86' lang='lat' dir='ltr'><strong>more</strong></span> <span class='ocrx_word' id='word_1_36' title='bbox 1200 1788 1272 1856; x_wconf 74' lang='lat' dir='ltr'><strong>sut·</strong></span> 
     </span>
     <span class='ocr_line' id='line_1_7' title="bbox 227 1965 1273 2053; baseline -0.001 -18"><span class='ocrx_word' id='word_1_37' title='bbox 227 1996 231 2035; x_wconf 74' lang='lat' dir='ltr'><em>s</em></span> <span class='ocrx_word' id='word_1_38' title='bbox 293 1969 408 2052; x_wconf 85' lang='lat' dir='ltr'><strong>gentis</strong></span> <span class='ocrx_word' id='word_1_39' title='bbox 430 1965 489 2033; x_wconf 78' lang='lat' dir='ltr'><strong>eise</strong></span> <span class='ocrx_word' id='word_1_40' title='bbox 516 1967 740 2050; x_wconf 80' lang='lat' dir='ltr'><strong>usurpandam,</strong></span> <span class='ocrx_word' id='word_1_41' title='bbox 766 1969 845 2035; x_wconf 88' lang='lat' dir='ltr'><strong>ratio</strong></span> <span class='ocrx_word' id='word_1_42' title='bbox 872 1981 903 2033; x_wconf 94' lang='lat' dir='ltr'><strong>et</strong></span> <span class='ocrx_word' id='word_1_43' title='bbox 927 1967 990 2051; x_wconf 83' lang='lat' dir='ltr'><strong>ipsa</strong></span> <span class='ocrx_word' id='word_1_44' title='bbox 1008 1968 1205 2053; x_wconf 82' lang='lat' dir='ltr'><strong>jurisjurandi</strong></span> <span class='ocrx_word' id='word_1_45' title='bbox 1224 1968 1273 2034; x_wconf 79' lang='lat' dir='ltr'><strong>irt-</strong></span> 
     </span>
     <span class='ocr_line' id='line_1_8' title="bbox 222 2145 1270 2232; baseline 0.003 -23"><span class='ocrx_word' id='word_1_46' title='bbox 222 2172 229 2209; x_wconf 76' lang='lat'><strong>:¹</strong></span> <span class='ocrx_word' id='word_1_47' title='bbox 295 2146 429 2213; x_wconf 86' lang='lat' dir='ltr'><strong>stitutio</strong></span> <span class='ocrx_word' id='word_1_48' title='bbox 450 2147 577 2214; x_wconf 74' lang='lat' dir='ltr'><strong>ducenta</strong></span> <span class='ocrx_word' id='word_1_49' title='bbox 619 2147 716 2213; x_wconf 78' lang='lat' dir='ltr'><strong>Vrdd.</strong></span> <span class='ocrx_word' id='word_1_50' title='bbox 746 2167 868 2215; x_wconf 82' lang='lat' dir='ltr'><strong>uuor.</strong></span> <span class='ocrx_word' id='word_1_51' title='bbox 895 2146 939 2232; x_wconf 81' lang='lat' dir='ltr'><strong>J.</strong></span> <span class='ocrx_word' id='word_1_52' title='bbox 962 2148 1002 2214; x_wconf 86' lang='lat' dir='ltr'><strong>B.</strong></span> <span class='ocrx_word' id='word_1_53' title='bbox 1024 2159 1056 2211; x_wconf 86' lang='lat' dir='ltr'><strong>et</strong></span> <span class='ocrx_word' id='word_1_54' title='bbox 1075 2147 1116 2214; x_wconf 87' lang='lat' dir='ltr'><strong>P.</strong></span> <span class='ocrx_word' id='word_1_55' title='bbox 1147 2145 1193 2214; x_wconf 85' lang='lat' dir='ltr'><strong>Il.</strong></span> <span class='ocrx_word' id='word_1_56' title='bbox 1219 2163 1270 2228; x_wconf 68' lang='lat' dir='ltr'><strong>rs.</strong></span> 
     </span>
     <span class='ocr_line' id='line_1_9' title="bbox 222 2321 1267 2412; baseline 0.002 -22"><span class='ocrx_word' id='word_1_57' title='bbox 222 2367 225 2377; x_wconf 72' lang='lat'><strong>,</strong></span> <span class='ocrx_word' id='word_1_58' title='bbox 291 2343 357 2392; x_wconf 40' lang='lat' dir='ltr'><strong>ara.</strong></span> <span class='ocrx_word' id='word_1_59' title='bbox 392 2344 600 2392; x_wconf 77' lang='lat' dir='ltr'><strong>rurreuu.</strong></span> <span class='ocrx_word' id='word_1_60' title='bbox 627 2324 668 2412; x_wconf 84' lang='lat' dir='ltr'><strong>J.</strong></span> <span class='ocrx_word' id='word_1_61' title='bbox 698 2325 746 2395; x_wconf 91' lang='lat' dir='ltr'><strong>N.</strong></span> <span class='ocrx_word' id='word_1_62' title='bbox 771 2342 802 2394; x_wconf 86' lang='lat' dir='ltr'><strong>et</strong></span> <span class='ocrx_word' id='word_1_63' title='bbox 829 2326 871 2394; x_wconf 82' lang='lat' dir='ltr'><strong>G.</strong></span> <span class='ocrx_word' id='word_1_64' title='bbox 893 2323 960 2408; x_wconf 86' lang='lat' dir='ltr'><strong>IV,</strong></span> <span class='ocrx_word' id='word_1_65' title='bbox 995 2345 1032 2409; x_wconf 76' lang='lat' dir='ltr'><strong>a,</strong></span> <span class='ocrx_word' id='word_1_66' title='bbox 1054 2343 1087 2408; x_wconf 84' lang='grc'><strong>4.</strong></span> <span class='ocrx_word' id='word_1_67' title='bbox 1116 2321 1267 2392; x_wconf 72' lang='lat' dir='ltr'><strong>aaa.</strong></span> 
     </span>
     <span class='ocr_line' id='line_1_10' title="bbox 297 2501 652 2586; baseline 0.006 -18"><span class='ocrx_word' id='word_1_68' title='bbox 297 2502 346 2568; x_wconf 83' lang='lat' dir='ltr'><strong>H.</strong></span> <span class='ocrx_word' id='word_1_69' title='bbox 373 2516 408 2568; x_wconf 92' lang='lat' dir='ltr'><strong>et</strong></span> <span class='ocrx_word' id='word_1_70' title='bbox 427 2503 463 2569; x_wconf 85' lang='lat' dir='ltr'><strong>C.</strong></span> <span class='ocrx_word' id='word_1_71' title='bbox 486 2501 524 2568; x_wconf 89' lang='lat' dir='ltr'><strong>I.</strong></span> <span class='ocrx_word' id='word_1_72' title='bbox 548 2521 599 2584; x_wconf 90' lang='lat'><strong>11,</strong></span> <span class='ocrx_word' id='word_1_73' title='bbox 619 2522 652 2586; x_wconf 81' lang='lat'><strong>4.</strong></span> 
     </span>
    </p>

    <p class='ocr_par' dir='ltr' id='par_1_5' title="bbox 297 2679 1295 4200">
     <span class='ocr_line' id='line_1_11' title="bbox 343 2679 1271 2768; baseline -0.001 -22"><span class='ocrx_word' id='word_1_74' title='bbox 343 2679 392 2746; x_wconf 88' lang='lat' dir='ltr'><strong>Et</strong></span> <span class='ocrx_word' id='word_1_75' title='bbox 414 2679 501 2763; x_wconf 86' lang='lat' dir='ltr'><strong>sane,</strong></span> <span class='ocrx_word' id='word_1_76' title='bbox 521 2683 736 2768; x_wconf 84' lang='lat' dir='ltr'><strong>jusjurandum</strong></span> <span class='ocrx_word' id='word_1_77' title='bbox 758 2706 796 2752; x_wconf 92' lang='lat' dir='ltr'><strong>eo</strong></span> <span class='ocrx_word' id='word_1_78' title='bbox 817 2686 920 2752; x_wconf 78' lang='lat' dir='ltr'><strong>animo</strong></span> <span class='ocrx_word' id='word_1_79' title='bbox 947 2685 979 2749; x_wconf 86' lang='lat' dir='ltr'><strong>in</strong></span> <span class='ocrx_word' id='word_1_80' title='bbox 1000 2682 1070 2750; x_wconf 84' lang='lat' dir='ltr'><strong>foto</strong></span> <span class='ocrx_word' id='word_1_81' title='bbox 1090 2681 1271 2761; x_wconf 77' lang='lat' dir='ltr'><strong>adhibetur,</strong></span> 
     </span>
     <span class='ocr_line' id='line_1_12' title="bbox 300 2853 1272 2947; baseline 0.002 -22"><span class='ocrx_word' id='word_1_82' title='bbox 300 2876 342 2926; x_wconf 91' lang='lat' dir='ltr'><strong>ut</strong></span> <span class='ocrx_word' id='word_1_83' title='bbox 367 2861 479 2946; x_wconf 82' lang='lat' dir='ltr'><strong>jurans</strong></span> <span class='ocrx_word' id='word_1_84' title='bbox 500 2860 529 2925; x_wconf 87' lang='lat' dir='ltr'><strong>se</strong></span> <span class='ocrx_word' id='word_1_85' title='bbox 548 2862 714 2947; x_wconf 85' lang='lat' dir='ltr'><strong>obligatum</strong></span> <span class='ocrx_word' id='word_1_86' title='bbox 742 2881 861 2947; x_wconf 86' lang='lat' dir='ltr'><strong>poenae</strong></span> <span class='ocrx_word' id='word_1_87' title='bbox 888 2863 1008 2932; x_wconf 86' lang='lat' dir='ltr'><strong>divinae</strong></span> <span class='ocrx_word' id='word_1_88' title='bbox 1027 2853 1272 2947; x_wconf 73' lang='lat' dir='ltr'><strong>‘profiteatur-,fl</strong></span> 
     </span>
     <span class='ocr_line' id='line_1_13' title="bbox 297 2984 1273 3129; baseline 0.004 -24"><span class='ocrx_word' id='word_1_89' title='bbox 297 3039 367 3105; x_wconf 92' lang='lat' dir='ltr'><strong>Dei</strong></span> <span class='ocrx_word' id='word_1_90' title='bbox 388 3059 505 3106; x_wconf 87' lang='lat' dir='ltr'><strong>nornen</strong></span> <span class='ocrx_word' id='word_1_91' title='bbox 526 3056 556 3107; x_wconf 90' lang='lat' dir='ltr'><strong>et</strong></span> <span class='ocrx_word' id='word_1_92' title='bbox 578 2984 742 3109; x_wconf 75' lang='lat' dir='ltr'><strong>viudidiam</strong></span> <span class='ocrx_word' id='word_1_93' title='bbox 754 3042 830 3111; x_wconf 85' lang='lat' dir='ltr'><strong>falso</strong></span> <span class='ocrx_word' id='word_1_94' title='bbox 850 3042 1050 3111; x_wconf 77' lang='lat' dir='ltr'><strong>invocaverit.</strong></span> <span class='ocrx_word' id='word_1_95' title='bbox 1090 3042 1157 3129; x_wconf 88' lang='lat' dir='ltr'><strong>Jam</strong></span> <span class='ocrx_word' id='word_1_96' title='bbox 1175 3060 1273 3123; x_wconf 88' lang='lat' dir='ltr'><strong>veto,</strong></span> 
     </span>
     <span class='ocr_line' id='line_1_14' title="bbox 301 3220 1275 3308; baseline 0.007 -25"><span class='ocrx_word' id='word_1_97' title='bbox 301 3240 369 3305; x_wconf 83' lang='lat' dir='ltr'><strong>quo</strong></span> <span class='ocrx_word' id='word_1_98' title='bbox 399 3220 496 3287; x_wconf 87' lang='lat' dir='ltr'><strong>modo</strong></span> <span class='ocrx_word' id='word_1_99' title='bbox 523 3222 589 3287; x_wconf 87' lang='lat' dir='ltr'><strong>fieri</strong></span> <span class='ocrx_word' id='word_1_100' title='bbox 613 3238 726 3307; x_wconf 84' lang='lat' dir='ltr'><strong>queat,</strong></span> <span class='ocrx_word' id='word_1_101' title='bbox 754 3223 928 3308; x_wconf 86' lang='lat' dir='ltr'><strong>quempiam</strong></span> <span class='ocrx_word' id='word_1_102' title='bbox 949 3222 1051 3287; x_wconf 89' lang='lat' dir='ltr'><strong>Deum</strong></span> <span class='ocrx_word' id='word_1_103' title='bbox 1072 3223 1202 3289; x_wconf 85' lang='lat' dir='ltr'><strong>ultorem</strong></span> <span class='ocrx_word' id='word_1_104' title='bbox 1221 3240 1275 3289; x_wconf 84' lang='lat' dir='ltr'><strong>ex·</strong></span> 
     </span>
     <span class='ocr_line' id='line_1_15' title="bbox 303 3398 1277 3488; baseline 0 -25"><span class='ocrx_word' id='word_1_105' title='bbox 303 3398 483 3483; x_wconf 87' lang='lat' dir='ltr'><strong>timescere,</strong></span> <span class='ocrx_word' id='word_1_106' title='bbox 510 3422 602 3488; x_wconf 89' lang='lat' dir='ltr'><strong>quem</strong></span> <span class='ocrx_word' id='word_1_107' title='bbox 625 3423 792 3471; x_wconf 86' lang='lat' dir='ltr'><strong>neverum</strong></span> <span class='ocrx_word' id='word_1_108' title='bbox 818 3401 944 3487; x_wconf 89' lang='lat' dir='ltr'><strong>quidem</strong></span> <span class='ocrx_word' id='word_1_109' title='bbox 964 3398 1069 3467; x_wconf 89' lang='lat' dir='ltr'><strong>Deum</strong></span> <span class='ocrx_word' id='word_1_110' title='bbox 1096 3398 1155 3465; x_wconf 82' lang='lat' dir='ltr'><strong>eise</strong></span> <span class='ocrx_word' id='word_1_111' title='bbox 1180 3416 1277 3481; x_wconf 80' lang='lat' dir='ltr'><strong>agno-</strong></span> 
     </span>
     <span class='ocr_line' id='line_1_16' title="bbox 302 3576 1277 3661; baseline 0.002 -20"><span class='ocrx_word' id='word_1_112' title='bbox 302 3579 367 3658; x_wconf 88' lang='lat' dir='ltr'><strong>rit,</strong></span> <span class='ocrx_word' id='word_1_113' title='bbox 390 3578 475 3643; x_wconf 89' lang='lat' dir='ltr'><strong>unde</strong></span> <span class='ocrx_word' id='word_1_114' title='bbox 495 3580 657 3647; x_wconf 85' lang='lat' dir='ltr'><strong>neceiiaria</strong></span> <span class='ocrx_word' id='word_1_115' title='bbox 676 3579 890 3647; x_wconf 87' lang='lat' dir='ltr'><strong>consecutione</strong></span> <span class='ocrx_word' id='word_1_116' title='bbox 910 3579 1042 3659; x_wconf 78' lang='lat' dir='ltr'><strong>efficiar,</strong></span> <span class='ocrx_word' id='word_1_117' title='bbox 1063 3576 1106 3643; x_wconf 89' lang='lat' dir='ltr'><strong>ita</strong></span> <span class='ocrx_word' id='word_1_118' title='bbox 1119 3578 1277 3661; x_wconf 82' lang='lat' dir='ltr'><strong>&#39;jurantem</strong></span> 
     </span>
     <span class='ocr_line' id='line_1_17' title="bbox 305 3750 1277 3840; baseline 0 -19"><span class='ocrx_word' id='word_1_119' title='bbox 305 3754 405 3821; x_wconf 84' lang='lat' dir='ltr'><strong>facile</strong></span> <span class='ocrx_word' id='word_1_120' title='bbox 426 3754 596 3840; x_wconf 79' lang='lat' dir='ltr'><strong>perjurium</strong></span> <span class='ocrx_word' id='word_1_121' title='bbox 617 3752 867 3835; x_wconf 85' lang='lat' dir='ltr'><strong>commissurum,</strong></span> <span class='ocrx_word' id='word_1_122' title='bbox 886 3754 910 3821; x_wconf 86' lang='lat' dir='ltr'>fi</span> <span class='ocrx_word' id='word_1_123' title='bbox 931 3754 1028 3821; x_wconf 87' lang='lat' dir='ltr'><strong>modo</strong></span> <span class='ocrx_word' id='word_1_124' title='bbox 1038 3752 1209 3821; x_wconf 77' lang='lat' dir='ltr'><strong>rationibus</strong></span> <span class='ocrx_word' id='word_1_125' title='bbox 1222 3750 1277 3821; x_wconf 75' lang='lat' dir='ltr'><strong>iu·</strong></span> 
     </span>
     <span class='ocr_line' id='line_1_18' title="bbox 310 3881 1295 4020; baseline 0.005 -21"><span class='ocrx_word' id='word_1_126' title='bbox 310 3936 339 4001; x_wconf 87' lang='lat' dir='ltr'><strong>is</strong></span> <span class='ocrx_word' id='word_1_127' title='bbox 361 3936 394 4003; x_wconf 93' lang='lat' dir='ltr'><strong>id</strong></span> <span class='ocrx_word' id='word_1_128' title='bbox 416 3936 591 4004; x_wconf 87' lang='lat' dir='ltr'><strong>conducere</strong></span> <span class='ocrx_word' id='word_1_129' title='bbox 613 3934 775 4020; x_wconf 84' lang='lat' dir='ltr'><strong>opinetur3</strong></span> <span class='ocrx_word' id='word_1_130' title='bbox 798 3946 890 4019; x_wconf 81' lang='lat' dir='ltr'><strong>atque</strong></span> <span class='ocrx_word' id='word_1_131' title='bbox 905 3881 1048 4001; x_wconf 73' lang='lat' dir='ltr'><strong>siverunt</strong></span> <span class='ocrx_word' id='word_1_132' title='bbox 1069 3930 1139 4015; x_wconf 83' lang='lat' dir='ltr'><strong>est,</strong></span> <span class='ocrx_word' id='word_1_133' title='bbox 1153 3948 1188 4001; x_wconf 88' lang='lat' dir='ltr'><strong>ut</strong></span> <span class='ocrx_word' id='word_1_134' title='bbox 1207 3932 1295 4004; x_wconf 77' lang='lat' dir='ltr'><strong>saut&#39;</strong></span> 
     </span>
     <span class='ocr_line' id='line_1_19' title="bbox 309 4110 1276 4200; baseline 0.004 -21"><span class='ocrx_word' id='word_1_135' title='bbox 309 4110 358 4180; x_wconf 76' lang='lat' dir='ltr'><strong>sest</strong></span> <span class='ocrx_word' id='word_1_136' title='bbox 377 4118 585 4200; x_wconf 76' lang='lat' dir='ltr'><strong>verissimum,</strong></span> <span class='ocrx_word' id='word_1_137' title='bbox 603 4119 759 4186; x_wconf 87' lang='lat' dir='ltr'><strong>hominem</strong></span> <span class='ocrx_word' id='word_1_138' title='bbox 772 4116 814 4184; x_wconf 85' lang='lat' dir='ltr'><strong>ita</strong></span> <span class='ocrx_word' id='word_1_139' title='bbox 829 4115 887 4184; x_wconf 80' lang='lat' dir='ltr'><strong>effe</strong></span> <span class='ocrx_word' id='word_1_140' title='bbox 899 4126 1129 4199; x_wconf 85' lang='lat' dir='ltr'><strong>comparatum,</strong></span> <span class='ocrx_word' id='word_1_141' title='bbox 1143 4130 1178 4182; x_wconf 91' lang='lat' dir='ltr'><strong>ut</strong></span> <span class='ocrx_word' id='word_1_142' title='bbox 1192 4115 1276 4183; x_wconf 85' lang='lat' dir='ltr'><strong>istiut</strong></span> 
     </span>
    </p>
   </div>
   <div class='ocr_carea' id='block_1_4' title="bbox 305 4293 1277 4387">
    <p class='ocr_par' dir='ltr' id='par_1_6' title="bbox 305 4293 1277 4387">
     <span class='ocr_line' id='line_1_20' title="bbox 305 4293 1277 4387; baseline -0.001 -24"><span class='ocrx_word' id='word_1_143' title='bbox 305 4293 393 4381; x_wconf 86' lang='lat' dir='ltr'><strong>Dei,</strong></span> <span class='ocrx_word' id='word_1_144' title='bbox 414 4316 505 4385; x_wconf 86' lang='lat' dir='ltr'><strong>quem</strong></span> <span class='ocrx_word' id='word_1_145' title='bbox 522 4312 642 4384; x_wconf 85' lang='lat' dir='ltr'><strong>patrem</strong></span> <span class='ocrx_word' id='word_1_146' title='bbox 656 4297 751 4371; x_wconf 70' lang='lat' dir='ltr'><strong>*velut</strong></span> <span class='ocrx_word' id='word_1_147' title='bbox 771 4312 947 4387; x_wconf 81' lang='lat' dir='ltr'><strong>reveretur,</strong></span> <span class='ocrx_word' id='word_1_148' title='bbox 971 4296 1120 4373; x_wconf 84' lang='lat' dir='ltr'><strong>ultionem</strong></span> <span class='ocrx_word' id='word_1_149' title='bbox 1141 4310 1277 4378; x_wconf 85' lang='lat' dir='ltr'><strong>metuat,</strong></span> 
     </span>
    </p>
   </div>
   <div class='ocr_carea' id='block_1_5' title="bbox 1209 4473 1276 4541">
    <p class='ocr_par' dir='ltr' id='par_1_7' title="bbox 1209 4473 1276 4541">
     <span class='ocr_line' id='line_1_21' title="bbox 1209 4473 1276 4541; baseline 0.09 -6"><span class='ocrx_word' id='word_1_150' title='bbox 1209 4473 1276 4541; x_wconf 66' lang='lat'>110¹!</span> 
     </span>
    </p>
   </div>
   <div class='ocr_carea' id='block_1_6' title="bbox 0 0 1890 5750">
    <p class='ocr_par' dir='ltr' id='par_1_8' title="bbox 0 0 1890 5750">
     <span class='ocr_line' id='line_1_22' title="bbox 0 0 1890 5750; baseline 0 0"><span class='ocrx_word' id='word_1_151' title='bbox 0 0 1890 5750; x_wconf 95' lang='lat' dir='ltr'><strong> </strong></span> 
     </span>
    </p>
   </div>
  </div>
 </body>
</html>
