3725 5750
588 843 667 952 nn¹
684 837 1014 954 numunianum
1242 857 1287 936 ,ς

314 1063 413 1151 Quae
435 1077 508 1126 cunr
529 1059 569 1124 its
589 1051 619 1118 se
640 1053 787 1133 habeant,
806 1051 869 1135 iam
888 1071 1037 1138 agamus,
1064 1065 1102 1120 ut
1121 1055 1287 1142 Lojolista·

322 1261 395 1312 rum
417 1237 591 1323 opinionem
611 1227 793 1316 refutemus.
836 1231 949 1300 Putant
969 1252 1097 1317 nempe,
1120 1237 1237 1323 juranti
1257 1240 1308 1308 in·

313 1419 439 1505 judicio
465 1412 613 1485 diversam
639 1435 658 1482 a
685 1409 850 1478 deferentis
877 1415 926 1480 vel
943 1413 1157 1500 interrogantis
1175 1421 1290 1506 judicis

317 1599 503 1678 sententiam
529 1594 666 1686 proferre
689 1595 808 1661 licitum
836 1594 920 1674 esse,
943 1609 976 1660 et
992 1599 1087 1663 verba
1106 1596 1159 1662 sua
1177 1598 1221 1663 ita
1240 1618 1293 1666 ac·
1357 1611 1365 1618 ’

222 1815 223 1818 “
323 1781 541 1863 commodare,
569 1793 605 1846 ut
625 1776 722 1844 menti
738 1773 813 1841 snae
834 1773 1053 1842 convenienter
1075 1776 1188 1861 jurari,
1211 1776 1295 1843 dese·

323 1981 401 2027 rens
428 1957 483 2028 fibi
510 1957 707 2045 persuadent,
742 1953 836 2040 (th.
865 1973 978 2023 orno
1012 1957 1057 2025 ad
1084 1975 1293 2023 annaeum.

222 2165 223 2170 ¹
325 2141 370 2209 0.
392 2140 437 2209 H.
459 2155 489 2208 et
510 2140 546 2206 C.
570 2137 598 2205 I.
623 2157 680 2220 11,
706 2134 762 2224 9.)
788 2149 879 2218 atque
906 2137 984 2204 udeo
1005 2137 1084 2202 ultra
1104 2137 1198 2203 animi
1217 2156 1290 2220 pros

328 2317 468 2403 positum
495 2317 646 2388 nerninem
676 2315 822 2402 obligari3
852 2317 884 2384 in
906 2336 969 2403 qun
991 2317 1115 2401 quidem
1142 2315 1299 2400 opinionis

330 2497 457 2564 levitate
484 2495 641 2581 Lojolistis
668 2496 772 2580 plures
800 2497 1024 2564 consentientes
1049 2498 1194 2582 reperias.
1237 2498 1302 2562 Ve·

315 2695 403 2761 ‚rum
431 2675 512 2743 enim
537 2694 639 2758 veru,
678 2696 751 2743 cum
774 2677 806 2742 in
832 2676 1033 2762 jurejurando
1061 2677 1157 2742 verba
1178 2675 1221 2740 ita
1244 2672 1304 2740 sint

332 2869 506 2939 concepta,
527 2870 582 2939 ut,
604 2876 660 2941 per
671 2849 918 2925 enunciationem
931 2872 1057 2942 eorum,
1080 2856 1173 2927 animi
1183 2855 1303 2923 senten·

329 3035 409 3102 tiam
433 3034 522 3101 distis
541 3035 772 3105 consentaneum
790 3036 902 3104 habere
925 3037 1119 3121 censeamur,
1147 3036 1303 3124 religionis

333 3214 464 3283 vinculo
491 3216 725 3301 adstringimur,
753 3216 792 3282 ud
818 3218 955 3284 titiones
975 3218 1093 3285 nostras
1113 3217 1155 3282 ita
1175 3233 1306 3299 compo·
1340 3312 1345 3317 .

335 3396 474 3477 mendas,
487 3410 530 3463 'ut
542 3417 606 3463 non
617 3396 759 3483 pejerasse
779 3397 949 3465 videamur.
980 3395 1134 3464 Homines
1146 3392 1228 3457 enim
1241 3410 1305 3457 non

333 3574 363 3641 ti
380 3572 470 3653 sunt,
485 3574 545 3678 ¹qni
565 3575 691 3639 intimos
702 3576 795 3645 animi
807 3576 938 3643 recessus
950 3576 1199 3660 perscrutentur,
1222 3572 1308 3656 quod

343 3749 439 3821 solius
461 3749 503 3815 est
520 3752 600 3833 Dei,
623 3750 676 3835 qui
697 3770 755 3833 pro
775 3771 830 3833 ea,
852 3770 912 3833 qun
930 3754 974 3819 est
990 3752 1154 3837 sapientia,
1174 3752 1254 3819 hanc
1268 3751 1309 3819 ob

342 3930 464 4002 'eausam
481 3929 660 3998 hominibus
679 3931 842 4041 concessit,
875 3945 911 3997 ut
931 3930 1024 4017 signis
1042 3932 1226 4016 quibusdam
1243 3932 1310 4025 anis

346 4110 389 4177 nri
407 4111 541 4177 ustiones
560 4110 695 4177 internas
712 4112 926 4197 significarent.
955 4112 1044 4179 Nihil
1055 4132 1128 4199 ergo
1149 4114 1210 4196 est,
1224 4111 1312 4198 quod

344 4290 442 4378 magis
460 4290 609 4361 Numinis
626 4290 758 4378 supremi
769 4293 923 4364 voluntati
944 4295 1129 4363 contrarium
1147 4294 1203 4380 fit,
1218 4309 1312 4378 quam

1258 4451 1314 4521 ω.
