3725 5750
236 1012 242 1146 Ι
322 1006 438 1080 Graeci
458 1007 613 1074 molliores
632 1006 822 1090 reperiantur
841 1002 1055 1088 castigatores.
1096 1003 1173 1074 vid.
1196 1025 1294 1080 urr-

590 797 652 868 nn
689 707 1018 885 utrumme
1219 817 1287 888 nr

237 1169 242 1183 ’
323 1210 407 1260 rus
435 1187 474 1255 ad
494 1185 595 1274 Legg.
616 1185 716 1257 Attic.
738 1199 813 1272 ang.
836 1204 914 1271 401.

365 1369 553 1447 Enimvero,
575 1376 744 1430 memorata
766 1363 928 1448 illapoetta
940 1361 1122 1450 judicibus,
1143 1385 1206 1436 tron
1220 1383 1289 1440 tan·

324 1570 417 1633 quam
438 1545 588 1631 perjuris,
608 1542 821 1630 infligebatur,
839 1542 891 1612 sed
912 1543 1027 1612 iccirco
1048 1544 1173 1627 potius,
1194 1550 1286 1636 quia,

234 1618 240 1752 1
322 1727 534 1810 contr-aleges
552 1727 604 1812 jus
624 1728 781 1805 dicentes,
803 1722 985 1804 sententias,
1000 1739 1088 1808 ‚quae
1108 1725 1230 1796 chono
1239 1727 1291 1812 iu-

317 1911 393 1978 ,dice
423 1898 714 1991 proficiscerentur,
755 1901 896 1986 indignas
929 1904 1073 1974 tulerant.
1134 1905 1290 1995 Quorsum

326 2090 405 2158 haec
424 2090 571 2168 tendant,
593 2038 834 2167 diligentiffinur
847 2081 956 2152 harum
969 2105 1071 2154 rerum
1083 2083 1286 2176 existimator,

231 2217 238 2368 l
303 2277 396 2339 ‘cunr
415 2272 468 2354 jus
486 2269 663 2336 Romanurn
683 2261 816 2345 perjuris
836 2263 1015 2334 lenifflrnum
1037 2265 1096 2334 elle
1122 2263 1213 2352 sciat,
1240 2267 1288 2338 fa·

319 2451 382 2517 cile
402 2448 562 2532 intelliget.
610 2445 655 2514 Et
677 2445 739 2515 hoc
760 2446 884 2529 quidem
906 2448 998 2516 latius
1025 2448 1118 2518 nobis
1137 2450 1291 2533 explican-

297 2630 397 2716 ,dura
419 2630 487 2696 erit.
666 2593 670 2596 .

229 2794 234 2957 [
362 2807 469 2891 Ergo,
499 2808 643 2890 quoniam
672 2827 736 2877 non
762 2803 880 2891 semper
907 2823 945 2874 ert
965 2805 1073 2877 intima
1092 2803 1286 2892 Philosophit

228 2966 234 3002 ³
317 2987 398 3074 juris
420 2986 599 3070 disciplina,
626 2987 677 3057 sed
705 2987 859 3056 interdum
880 3006 1008 3071 quoque
1030 3006 1069 3056 cx
1086 2988 1238 3056 Praetoris
1256 3007 1291 3053 o·

322 3168 406 3237 daun
427 3183 458 3235 et
479 3168 549 3236 ΧΠ.
572 3168 686 3234 tabulis
706 3168 874 3234 haurienda
894 3164 957 3247 est,
976 3166 1038 3233 hoc
1058 3146 1130 3233 loco
1157 3184 1222 3235 non
1242 3166 1290 3233 itt·

320 3348 507 3430 quiramus,
537 3345 613 3429 quid
637 3346 899 3432 jurisprudentia,
926 3344 966 3411 ad
994 3343 1130 3429 optimae
1150 3340 1288 3421 Philoso-

317 3525 413 3611 phiae
434 3540 573 3587 normam
596 3537 719 3606 exacta,
748 3540 855 3591 contra
875 3525 1017 3609 perjuros
1033 3494 1170 3593 ‘stature
1190 3520 1288 3587 debu-

320 3704 400 3785 erit,
422 3700 472 3769 sed
495 3700 570 3784 quid
588 3699 666 3785 juris
687 3700 822 3768 Romani
842 3702 1019 3773 conditores
1032 3702 1155 3787 legibus
1174 3700 1236 3769 suis
1249 3700 1287 3769 de

322 3885 386 3953 hoc
407 3882 534 3951 crimine
553 3882 718 3951 sanxerint.

297 4114 300 4118 J
366 4064 491 4131 Scilicet
510 4065 615 4146 Numa
635 4066 828 4151 Pompilius,
849 4066 967 4153 primos
987 4066 1068 4133 inter
1079 4062 1291 4135 Romanorum
1411 4145 1414 4156 ¹

325 4239 401 4327 legis
429 4245 542 4313 latores
569 4246 789 4335 nobilissimus,
815 4248 902 4319 Fidei
929 4248 1056 4337 quidem
1077 4249 1226 4337 ternplum
1247 4244 1295 4311 di·

1239 4428 1295 4480 mo
