3725 5750
497 828 560 899 DE
596 805 955 915 JUREJURANDO
1126 862 1129 871 ’
1170 834 1221 916 85

229 1039 402 1127 quidquid
422 1038 478 1106 fibi
498 1038 623 1105 obvium
644 1035 744 1117 foret,
761 1036 831 1103 Deo
844 1034 876 1101 fe
886 1033 1115 1103 immolaturum
1135 1034 1210 1119 spo-

231 1220 369 1303 pondit.
417 1218 490 1287 Vm.
524 1214 636 1301 Judic.
671 1214 749 1303 Cap.
782 1214 850 1299 xl,
875 1237 923 1283 os.
952 1234 1004 1303 32.
1039 1214 1085 1299 sq.
1113 1212 1204 1282 conf.

229 1416 411 1483 Josrsam
440 1395 551 1483 Antiq.
572 1392 703 1480 Judaic.
722 1390 776 1476 II,
799 1408 834 1480 9.

276 1580 319 1643 In
344 1577 376 1642 id
396 1573 489 1658 igitur
508 1572 594 1653 omni
614 1592 688 1639 cura
707 1586 741 1637 et
758 1570 947 1655 cogitatione
973 1572 1207 1657 incumbamus,

232 1771 294 1837 nt,
326 1765 491 1833 antequam
516 1751 556 1818 ad
578 1748 746 1836 jurandum
770 1748 1003 1833 progredimur,
1030 1770 1092 1819 rem
1113 1750 1207 1835 ipsam

232 1935 326 2001 velut
354 1930 512 1998 materiam
539 1929 634 1995 nobis
653 1928 696 1993 ita
716 1924 881 2012 subjectam
901 1928 1088 2012 habeamus,
1113 1930 1210 1999 utin

234 2053 443 2181 temeritatem
476 2106 585 2185 istam,
613 2105 704 2190 cujus
730 2104 975 2183 consecutionem
1001 2110 1096 2175 modo
1117 2110 1208 2177 vide‘

236 2292 374 2369 bamus,
402 2306 467 2353 non
493 2282 675 2351 incidamus.
723 2284 804 2357 Nam
830 2284 988 2368 peiiimum
1013 2288 1099 2355 ilium
1121 2310 1204 2358 non-¹

229 2471 393 2537 nullorum
428 2484 570 2545 motem,
604 2480 669 2543 quo
701 2481 758 2546 per
791 2464 962 2533 ludibrium
984 2466 1202 2553 jusjurandum

232 2646 410 2739 praestant,
439 2663 479 2710 ne
497 2643 615 2727 attingo
634 2640 776 2723 quidem.
818 2644 941 2709 Notum
963 2642 1025 2724 eu,
1054 2645 1140 2727 quod
1167 2644 1205 2717 de

238 2840 528 2892 nnrrooonnut
555 2821 698 2890 convivis
716 2835 817 2898 narrat
842 2841 1048 2890 ramento.
1077 2824 1111 2889 in
1130 2820 1200 2889 He·

241 3008 339 3094 mgni.
370 3007 408 3072 C.
438 3019 492 3090 304
520 3000 610 3078 conf,
642 3021 779 3076 scara.
810 3021 923 3070 ursa.
962 3020 1063 3076 nom.
1099 3021 1205 3102 var..

239 3182 278 3250 Τ·
300 3185 353 3266 Ha
368 3196 413 3270 ‘p‘
433 3199 513 3268 343·¹

282 3360 390 3427 illicite
410 3379 482 3426 vero
493 3360 597 3446 jurant
615 3361 679 3444 illi,
700 3363 755 3447 qui
780 3363 1103 3446 rem'quamcunque,
1122 3379 1203 3448 quae

239 3537 345 3604 officio
367 3540 442 3605 boni
462 3539 537 3623 viri,
557 3541 731 3625 praeceptis
747 3541 826 3625 jutis
846 3541 1003 3623 Naturae,
1031 3557 1062 3607 et
1082 3539 1203 3624 legibus

241 3714 392 3800 civitatis,
419 3717 531 3800 verbo,
558 3739 638 3804 quae
658 3718 841 3804 perfectioni
861 3717 991 3784 naturali
1013 3716 1130 3800 obstat,
1148 3717 1200 3806 jue

242 3895 400 3979 teimando
420 3897 585 3966 affirmant.
626 3899 710 3968 Nam
726 3895 934 3966 affirmatione·
949 3871 1105 3984 religiosa,
1127 3919 1199 3968 cum

241 4070 311 4140 Deo
329 4075 403 4144 teste
421 4078 656 4161 promittamus,
679 4085 740 4146 nos
761 4096 828 4144 tem·
846 4058 1020 4160 quampiam
1040 4075 1198 4162 facturos,

243 4265 287 4319 tes
311 4273 348 4324 ea
377 4255 419 4324 fic
443 4255 482 4334 sm
503 4219 698 4344 comparata,
722 4271 760 4324 ut
781 4254 902 4331 termini
922 4255 1056 4344 habiles,
1078 4257 1133 4344 qui
1152 4256 1201 4334 tii«

703 4423 729 4500 F
748 4439 769 4512 3
1129 4439 1212 4492 cun«
