3725 5750
427 714 429 723 '
551 773 613 842 nu
649 767 984 858 manturanum
1204 790 1249 868 ς,

261 994 368 1060 ιω,-
387 938 615 1084 ὶΗιιᾶρτορῐίο
634 976 851 1066 jusjurandum
879 974 1039 1060 diceneum
1068 995 1143 1050 cum
1167 1001 1244 1054 vern

261 1160 411 1228 delemus
432 1158 506 1226 esset
526 1157 649 1227 habitus
670 1170 701 1226 et
719 1154 856 1226 ducibus
875 1155 1099 1242 obedientiam,
1112 1163 1244 1246 patriae·

261 1356 327 1420 que
348 1335 477 1416 fidcm‚.
490 1337 608 1418 aliaque
630 1338 669 1404 ad
690 1334 883 1422 disciplinam
905 1335 1065 1408 militarem
1085 1342 1242 1426 pertinen·

263 1516 326 1597 tia,
349 1534 467 1584 omnes
485 1514 593 1596 simul,
613 1533 679 1583 uno
699 1514 825 1596 reliquis
835 1531 1022 1598 praeeunte,
1043 1517 1129 1604 (uid.
1150 1540 1241 1589 rus.

262 1715 344 1766 ‘rats
363 1696 399 1764 in
416 1715 501 1764 voce
513 1695 723 1806 praejuratin)
741 1693 835 1778 jurati
846 1693 1084 1778 pollicerentur,
1104 1697 1180 1766 illud
1188 1698 1240 1782 fia·
1347 1673 1356 1692 ’

259 1892 456 1944 crumentum
473 1874 650 1954 antiquitus
670 1875 835 1944 vocabant.
881 1872 975 1942 Vidd.
998 1874 1181 1960 Interpretes
1201 1877 1241 1946 ad

262 2065 478 2124 annuum.
505 2057 643 2140 Suareg.
675 2053 730 2120 IV.
763 2072 795 2134 1,
820 2073 852 2137 4.
880 2067 912 2118 et
938 2052 1111 2136 praesertim
1137 2055 1235 2126 sacra·

262 2234 367 2301 menti
388 2232 556 2301 formulam
575 2230 719 2298 exhibens
739 2251 877 2300 aucus
907 2249 1090 2303 orantus
1117 2231 1164 2300 Ν.
1188 2233 1234 2304 A.

262 2410 355 2484 XVI.
378 2433 414 2497 4.
461 2409 646 2497 Quicunque
667 2410 767 2478 animo
789 2424 820 2480 et
837 2411 1023 2494 cogitatione
1036 2412 1237 2497 iurisiurandi
1325 2485 1326 2488 ,

249 2591 329 2656 um
351 2590 500 2660 moralem
519 2591 752 2674 complectitur,
775 2589 802 2658 is
822 2588 930 2670 simul,
948 2611 1075 2674 magnae
1098 2589 1237 2658 utilitatis

267 2766 434 2850 magnique
462 2769 606 2851 ponderis
631 2769 707 2836 illud
721 2768 944 2851 firmamentum
968 2767 1075 2852 fuine,
1104 2770 1235 2844 multum

267 2948 356 3014 etiam
375 2948 509 3017 fiduciae
528 2950 728 3034 praesidiique
749 2949 1010 3035 immunitum,
1033 2947 1191 3031 observet,
1203 2962 1234 3017 et

267 3147 339 3193 vero
367 3074 518 3211 renarint,
543 3129 646 3213 magni
672 3132 819 3195 momenti
845 3132 928 3195 hunc
955 3129 1084 3195 militum
1110 3128 1233 3217 jurandi

267 3324 384 3410 morem
402 3305 511 3389 fuisse,
532 3308 760 3389 cum‚nis1ita
782 3307 876 3378 client
897 3306 1051 3386 obstricti,
1070 3306 1138 3388 jure
1159 3326 1232 3371 cutn

264 3482 562 3588 hostiolis.pugnme
581 3508 646 3573 non
664 3486 841 3569 potuerint,
864 3484 1123 3569 quemadmodum
1142 3502 1180 3551 cx
1197 3482 1236 3548 il·

265 3663 324 3742 lo,¹
348 3665 437 3744 quod
449 3664 487 3731 de
504 3681 674 3729 eunoun
689 3677 846 3743 narratur,
858 3664 1070 3729 conficiamus.
1082 3664 1147 3729 vid.
1162 3680 1232 3731 etc.

258 3840 302 3912 'le
317 3838 406 3927 Offlc.
427 3843 457 3915 I.
481 3859 531 3913 11.
576 3825 736 3928 Quantum
749 3842 836 3909 etiam
850 3840 1032 3925 pmefidiiin
1045 3860 1083 3909 eo
1100 3844 1235 3910 codom-
1260 3936 1262 3943 Ι

243 3972 352 4101 crint,
374 4036 404 4093 et
426 4044 490 4109 quo
508 4024 596 4108 jure,
617 4022 666 4089 vel
682 4022 759 4089 illud
776 4023 903 4106 planum
925 4021 1038 4105 faciat,
1067 4022 1151 4105 quod
1170 4020 1238 4089 sace

275 4217 315 4284 pe
342 4213 423 4270 totae
444 4202 580 4290 legiones
599 4208 633 4274 iu
656 4189 707 4271 illa
725 4204 794 4271 loca
814 4205 929 4273 alacres
948 4202 1235 4291 proficiscerentur,
1299 4296 1301 4300 v

549 4360 610 4433 ¹.
730 4370 803 4457 D4
947 4392 949 4397 ’
1155 4363 1237 4432 unde
