3725 5750
632 869 676 958 34
894 845 1339 930 OBSERVATIONES

629 1075 814 1148 illorumque
836 1077 986 1148 patronos
997 1065 1105 1148 fuisse,
1127 1081 1200 1134 nota
1213 1070 1328 1136 resest.
1366 1069 1447 1136 Vid.
1471 1089 1556 1139 cle.
1578 1071 1616 1140 de

634 1246 722 1338 offic.
743 1245 774 1312 I.
798 1246 873 1332 11.)
894 1265 929 1310 ea
953 1263 1056 1314 tamen
1073 1247 1160 1332 lege,
1183 1263 1217 1315 ut
1239 1250 1383 1316 mandato
1405 1251 1445 1316 ad
1465 1252 1497 1318 id
1517 1273 1614 1337 nego-

632 1428 714 1496 ιὶιιιιι
733 1425 957 1509 exsequendum
980 1427 1038 1493 fint
1055 1428 1211 1512 infirmi,
1239 1431 1320 1496 reeie
1339 1431 1381 1497 ita
1396 1432 1613 1516 jusjurandum

634 1610 790 1679 deferunt.
838 1605 1047 1688 Excipiuntur
1071 1606 1164 1692 igitur
1192 1609 1327 1692 pnpilli,
1362 1630 1442 1694 quos
1468 1609 1533 1676 fine
1561 1629 1614 1675 au·

636 1791 779 1859 ctoritate
791 1803 929 1856 tutorum
943 1786 1019 1852 nihil
1040 1807 1128 1872 agere
1139 1783 1244 1871 posse,
1258 1783 1348 1871 supra
1360 1787 1514 1870 vidimus3
1538 1788 1615 1854 servi

635 1971 746 2049 etiam,
764 1983 804 2035 ne
824 1967 856 2031 in
869 1964 1015 2034 damnum
1029 1966 1224 2033 dominorum
1243 1967 1364 2051 jurent,
1386 1967 1614 2052 prohibentur,

638 2151 730 2234 eujus
747 2148 791 2215 rei
803 2145 881 2213 ratio
894 2143 1021 2212 evidens
1035 2145 1097 2228 est,
1120 2167 1212 2228 cum,
1227 2145 1374 2230 quicquid
1387 2146 1492 2249 ¹servus
1506 2147 1614 2228 acqui-

638 2329 742 2409 rebat,
765 2323 894 2392 domino
906 2326 1097 2410 acquireret,
1121 2343 1212 2411 atque
1225 2325 1320 2410 adeo,
1335 2327 1388 2392 illo
1409 2323 1611 2392 nonconsen-

638 2509 752 2589 dente,
771 2507 848 2572 nihil
866 2501 1023 2587 acquirere
1042 2507 1160 2616 police,
1182 2508 1296 2572 ne'mini
1315 2504 1430 2590 quippe
1454 2505 1554 2572 invito
1573 2504 1611 2570 rei

637 2687 801 2775 eujusdam
829 2684 989 2769 aequifitio
1007 2684 1246 2754 obtendebatur:
1270 2684 1356 2768 atqui
1379 2683 1548 2752 deferendo
1564 2682 1610 2767 ju:

638 2867 803 2957 rejurando
822 2863 854 2930 in
873 2865 1006 2949 negotiis
1033 2865 1218 2949 pecuniariis
1244 2863 1434 2945 dominium,
1457 2863 1479 2929 s1
1506 2863 1610 2930 adver·

637 3049 734 3115 iarius
750 3042 840 3110 censa
860 3042 1002 3123 caderet,
1024 3046 1063 3109 nd
1080 3044 1199 3112 servum
1218 3046 1410 3129 perveniret,
1431 3044 1486 3127 qui
1514 3058 1609 3109 caetea

513 3244 529 3263 ·
636 3225 754 3311 ioquin
778 3218 951 3306 injudicio
974 3220 1133 3303 personam
1161 3247 1224 3293 non
1249 3227 1391 3293 habebat.
1446 3220 1607 3308 Postquam

636 3424 713 3475 vero
726 3402 882 3487 peculium
894 3400 950 3469 fibi
963 3400 1145 3470 constituere
1157 3405 1250 3471 servis
1268 3406 1386 3471 licitum
1400 3418 1482 3484 erat,
1506 3398 1607 3488 (quod

640 3585 722 3698 npnd
753 3578 956 3648 Athenienses
987 3581 1170 3665 obtinuiffe,
1204 3586 1368 3671 novimus)
1402 3581 1479 3649 servi
1510 3579 1608 3665 jusju⁴

639 3766 770 3831 randum
796 3760 1142 3843 deferebant‚s1istius
1171 3765 1287 3847 peculii
1313 3764 1438 3831 liberam
1463 3760 1608 3828 haberent

641 3940 942 4009 administrationem.
985 3942 1061 4007 Vid.
1090 3942 1130 4009 L.
1155 3961 1209 4010 20.
1236 3944 1284 4013 D.
1308 3942 1345 4009 de
1366 3940 1502 4031 sur'ejur.
1543 3935 1607 4025 Qui

942 4068 946 4098 i

633 4120 802 4186 ¹‹ielirnrent
819 4135 983 4204 menteque
1001 4122 1083 4203 eapti
1104 4121 1216 4206 essent,
1239 4124 1405 4210 injudicio
1426 4121 1503 4190 nihil
1522 4134 1607 4203 agere

637 4296 787 4387 potuiffe,
805 4316 853 4365 res
876 4298 1118 4389 ipsa-loquitur,
1140 4317 1232 4391 etque
1250 4304 1378 4373 eandem
1395 4302 1484 4375 fuine
1504 4298 1606 4387 prodi-v

1560 4481 1607 4553 go·
